4620 5588
142 164 210 263 dir
777 187 892 259 rurn
914 186 1021 257 nau.
1044 185 1234 256 manas
1256 183 1522 256 macanos
1686 208 1696 215 ·
1903 188 1925 201 ·
2090 188 2161 260 aa

145 395 178 450 et
195 395 314 470 pastor
335 393 413 449 sunt
439 381 536 450 amici
559 380 701 459 Christi,
736 396 770 447 et
804 380 846 445 de
879 379 951 445 eius
985 375 1127 445 consilio
1179 376 1236 443 hic
1257 376 1455 457 diseunitis,
1488 390 1522 443 et
1544 397 1613 442 non
1634 378 1866 458 inscribimiui,
1899 392 1937 446 ιιι
1956 379 2008 446 sic
2022 380 2160 467 possitis

146 470 257 536 omnia
277 483 392 556 agunt.
1179 482 1294 549 agere,
1317 483 1535 550 quaecunque
1556 463 1670 530 vultis.
1705 463 1789 532 Cum
1810 462 1990 552 aliquande
2007 467 2159 533 serriores

1178 547 1259 616 iacti
1280 548 1422 630 lueritis,
1445 561 1525 618 tunc
1545 551 1710 631 videbitis,
1732 562 1890 637 quantuni
1906 549 2032 619 referat
2047 553 2160 619 mode·

146 629 283 734 Quare
314 627 499 715 Christus
537 629 593 713 lbi
624 627 842 732 habitavit,
881 654 975 710 cum
1006 624 1128 710 fuerit
1178 636 1247 700 rari
1278 656 1334 716 se,
1369 648 1403 702 et
1435 635 1644 724 disciplinam
1676 634 1867 704 defendere.
1922 638 2017 706 Uuus
2048 636 2159 705 nialus

473 780 528 834 ex
568 747 803 833 nazarea?
1178 721 1965 897 nuntiasseniintiasse
1991 726 2162 898 nnn

150 975 156 983 ,
232 898 318 972 Quia
352 897 536 964 Nazareth'
557 897 744 962 immediate
777 894 838 961 luit
876 898 939 961 sub
972 894 1125 977 llerode;
1178 890 1324 982 Physici.
1379 896 1567 963 Possumus
1601 856 1746 984 herpora
1771 894 1906 965 facilius
1935 857 2161 982 cdrmmpere,

116 985 207 1058 ,aad
229 984 439 1071 Capernaum
465 984 526 1050 fuit
558 984 744 1048 hunrediate
776 985 839 1049 sub
862 981 1033 1048 Romanis.
1088 980 1126 1047 Si
1178 1000 1277 1068 quam
1299 982 1420 1049 medici
1437 984 1613 1049 restituere
1635 985 1780 1050 sanitati.
1824 983 1909 1051 Cum
1930 985 1975 1051 ud
1995 984 2161 1072 ηςὶιιιιιιι

143 1073 323 1138 mansisset
353 1069 508 1137 Christus
548 1071 581 1135 in
614 1066 798 1150 Nazareth,
836 1081 917 1135 tuac
952 1068 1048 1136 citius
1081 1069 1124 1134 ab
1177 1069 1351 1146 veneritis,
1373 1090 1438 1135 ves
1462 1069 1629 1148 videbitis,
1651 1084 1809 1156 quantum
1831 1090 1918 1156 epus
1940 1072 1995 1151 sit,
2024 1089 2160 1136 conser-

144 1156 278 1225 llerode
300 1170 419 1243 captus
441 1155 577 1224 fuissetr
600 1157 660 1221 sed
681 1151 792 1220 factus
814 1168 866 1220 est
894 1155 977 1221 civis
1000 1154 1124 1241 Caper·
1176 1174 1259 1220 vare
1281 1151 1450 1241 politicum
1469 1156 1533 1221 ius.
1588 1154 1665 1223 nen
1721 1166 1811 1222 utate
1832 1154 2026 1242 pulchrum,
2054 1155 2162 1244 negli-

143 1264 257 1324 uaum,
277 1257 313 1311 ut
334 1257 426 1311 essct
447 1256 537 1311 tutus
559 1262 666 1329 usque
687 1242 730 1307 ad
751 1253 899 1327 tempus,
922 1263 988 1328 que
1011 1237 1125 1306 absol·
1175 1261 1260 1394 p’era
1282 1245 1393 1307 emnia
1414 1243 1504 1321 iura,
1536 1255 1570 1308 et
1602 1244 1680 1311 vinc
1716 1241 1924 1311 ahumanae
1945 1244 2118 1311 societatis
2138 1263 2161 1310 a

44 1408 47 1416 ¹
143 1331 251 1397 visset
283 1332 563 1416 praedicationem
597 1348 702 1394 suam.
761 1325 882 1415 Reguli
914 1327 1126 1395 abstinebant
1209 1347 1251 1393 eo
1273 1328 1402 1394 tradim

144 1437 165 1483 a
188 1418 317 1483 civibus
339 1427 372 1484 et
394 1416 581 1503 oppidanis,
603 1416 659 1503 qui
676 1413 835 1480 Romanis
851 1415 993 1481 subiecti
1015 1424 1124 1479 erant:

143 1507 192 1574 Μ
214 1510 268 1606 ‘ii
289 1503 450 1571 ‘mm'
470 1506 584 1605 '‘iu“
602 1520 767 1618 neaerae,
781 1522 824 1566 ¹¹⁰
854 1503 995 1587 quisque
1010 1501 1124 1651 ἔωθε
1228 1522 1427 1636 Paralysin
1458 1535 1501 1607 et
1526 1537 1732 1634 α’ποπληξία
1763 1524 1862 1636 quid
1892 1524 2109 1611 differunt?

144 1603 357 1755 titini
387 1589 934 1759 dit*ltltntlltltlt‘nll
957 1607 1018 1738 lt
1040 1607 1125 1736 its
1263 1669 1461 1758 apoplexia,
1484 1672 1542 1734 a,
1568 1672 1697 1755 aaa,
1718 1686 1756 1740 n
1777 1673 1934 1741 aterna
1963 1673 2023 1736 a
2048 1672 2161 1756 aa,

144 1761 374 1839 officiabunt,
407 1776 473 1827 tam
496 1763 552 1829 diu
574 1772 684 1827 manet
710 1758 868 1844 lmperia:
902 1760 963 1824 sed
991 1759 1125 1845 qnando
1175 1757 1233 1820 hat
1252 1756 1307 1822 tia
1327 1759 1587 1840 penetramus
1608 1763 1659 1821 aa
1680 1760 1802 1822 menreb
1823 1779 1882 1822 oea
1903 1760 1999 1823 urard
2021 1779 2064 1823 aa
2084 1779 2161 1827 sen·

143 1846 363 1935 Magistratus
397 1848 478 1914 horit
505 1848 667 1935 Tyranni,
702 1857 736 1911 et
767 1846 938 1912 saevitiam
967 1856 1127 1910 exercent
1176 1863 1249 1909 sum
1283 1855 1317 1909 et
1349 1857 1474 1911 metum
1507 1847 1678 1909 arriserat:
1732 1848 1800 1913 uod
1832 1866 1937 1932 saepe
1963 1847 2001 1912 lit
2021 1850 2076 1909 mit
2097 1846 2162 1910 dar

144 1934 177 2000 la
211 1937 423 2013 indeceptae,
457 1948 536 2000 tunc
569 1943 763 2000 evertuntur
797 1944 829 1997 et
861 1944 1002 2018 pereunt
1034 1944 1126 1997 totae
1170 1949 1307 2013 ‘rossan
1324 1932 1468 2012 saerffern,
1491 1933 1546 1994 die
1566 1868 1786 1997 madallei
1805 1932 1910 2016 praet
1924 1934 2025 1997 babeo
2051 1935 2086 1999 ln
2112 1935 2161 2000 iu·

144 2017 300 2086 familiae.
344 2019 417 2086 Rex
438 2022 471 2086 in
495 2018 638 2106 Argelia
660 2015 722 2084 snit
744 2019 898 2103 sapiens,
932 2019 993 2082 sed
1016 2029 1125 2083 tamen
1176 2027 1322 2083 veritate.
1368 2015 1544 2106 Colligitur
1564 2022 1598 2085 in
1620 2023 1761 2086 cerebro
1772 2033 1971 2086 venenatum
1986 2019 2161 2107 phlegma3

182 2127 308 2171 rannus
331 2103 407 2184 fuit3
425 2104 558 2193 reliquit
580 2105 684 2172 lilium
701 2106 824 2189 optima
840 2123 904 2189 spe
926 2118 960 2168 et
981 2105 1125 2190 ingenio.
1178 2113 1213 2170 et
1233 2105 1365 2189 quande
1388 2118 1440 2169 est
1461 2107 1605 2180 nimium,
1618 2119 1652 2173 et
1672 2127 1739 2172 non
1762 2106 1903 2187 eiieitur,
1914 2105 1951 2172 iit
1972 2108 2081 2194 magis
2104 2125 2161 2172 ve·

144 2119 213 2258 gad
242 2189 299 2257 ille
331 2195 453 2258 misere
487 2194 651 2259 extinctus
685 2202 751 2255 est:
783 2188 915 2295 reliquit
947 2203 981 2256 et
1014 2190 1126 2269 liliam,
1177 2209 1355 2255 nenosumr
1378 2192 1455 2342 <pria
1476 2213 1542 2278 quo
1565 2195 1687 2260 diutius
1708 2194 1754 2258 ibi
1776 2194 1882 2273 iacet,
1908 2213 1950 2259 eo
1978 2194 2086 2280 magis
2113 2192 2161 2257 in·

144 2299 230 2366 qnae
253 2279 382 2364 etipsa
406 2291 459 2345 est
481 2281 667 2366 tyrannica,
687 2287 719 2341 et
742 2297 809 2341 non
832 2276 886 2342 dra
903 2277 1036 2343 durabit
1053 2278 1125 2342 eius
1178 2277 1341 2342 cenditur.
1404 2276 1413 2300 ⁸

144 2366 354 2452 gubernatio.
410 2364 555 2451 Tyranni
589 2385 656 2430 non
694 2375 774 2428 sunt
814 2363 967 2428 diuturni·
1029 2362 1126 2430 Deus
1176 2363 1357 2428 inmundo
1379 2377 1459 2444 stat,
1481 2368 1531 2431 sic
1553 2369 1728 2432 cerebram
1749 2366 1784 2431 in
1807 2368 1926 2451 capite.
1970 2365 2020 2428 Ιιι
2034 2367 2162 2443 οἱιιῙηι

143 2452 238 2539 punit
259 2449 494 2538 Tyrannidem.
539 2452 658 2538 syrac,
683 2449 734 2513 lil.
772 2453 919 2532 lisanam
939 2470 961 2515 a
974 2460 1070 2532 arata
1090 2451 1126 2516 ia
1177 2467 1314 2534 corpus.
1359 2448 1448 2516 lntra
1471 2472 1552 2518 essa
1573 2453 1708 2538 capitis,
1731 2454 1895 2519 caritates
1918 2454 2048 2518 cerebri
2069 2462 2163 2517 stant

140 2547 268 2622 pentae
290 2543 494 2621 transfertur
510 2549 649 2623 prepter
670 2537 869 2602 anastasiam.
1177 2533 1390 2612 mirabiliter,
1423 2552 1457 2603 et
1479 2559 1545 2604 nen
1574 2537 1699 2606 babent
1729 2536 1861 2614 fulcra,
1893 2540 1959 2602 aad
1984 2559 2072 2601 acan
2104 2537 2162 2600 das

230 2621 406 2710 lntclligite
452 2644 535 2712 ergo
587 2619 753 2690 civitatem
797 2620 919 2687 Christi
964 2621 1126 2688 nominari
1178 2621 1293 2683 circeia
1321 2623 1366 2684 da
1387 2644 1422 2685 za
1443 2624 1506 2686 etei
1525 2629 1614 2705 wiri,
1644 2639 1725 2695 tnnc
1754 2626 1949 2710 opprimitur
1975 2627 2162 2703 cerebrum,

140 2713 255 2778 arbem
290 2713 510 2795 Capersana,
548 2711 626 2796 qnia
660 2710 704 2773 ibi
736 2707 853 2774 habuit
886 2705 1040 2774 Christus
1073 2710 1126 2775 ius
1179 2721 1213 2773 et
1234 2707 1271 2773 fit
1292 2707 1478 2792 ἀποπληξίαι,
1498 2715 1687 2798 percussio,
1709 2711 1787 2774 dass
1807 2716 1893 2773 eitra
1913 2710 2161 2791 arbodentfclli.

141 2797 296 2863 civitatis.
351 2795 481 2862 Discite
509 2794 608 2862 simul
636 2796 739 2882 (quod
763 2793 981 2881 Evangelium
1003 2795 1127 2880 ubique
1178 2793 1257 2861 ldeo
1279 2796 1400 2862 dicitur
1420 2798 1479 2860 der
1498 2798 1619 2880 schlap.
1663 2796 1847 2864 lo-Saliais
1869 2799 2045 2865 smoniae
2114 2810 2162 2863 ta·

142 2882 257 2959 decet)
280 2883 370 2968 quod
390 2881 488 2948 Deus
510 2885 554 2949 sit
575 2895 707 2960 auctor,
740 2894 971 2959 conservator,
1004 2901 1128 2947 caussa
1180 2883 1262 2948 bant
1282 2902 1349 2947 una
1370 2881 1501 2951 Doctor
1522 2885 1654 2965 Turclr,
1682 2896 1716 2952 et
1735 2885 1781 2951 D.
1804 2882 2008 2953 Cubitensis.
2053 2819 2161 2951 tll’lle

142 2965 306 3044 efficiens,
329 2980 363 3035 et
385 2989 508 3035 caussa
535 2987 743 3036 conservans
769 2970 918 3033 ordinem
940 2963 1126 3032 Politicurn.
1178 2967 1266 3035 bitur
1288 2967 1420 3034 Doctor
1441 2968 1633 3037 Cubitensis
1650 2973 1686 3037 in
1707 2990 1871 3037 meusamr
1894 2969 2025 3038 Doctor
2045 2968 2162 3037 buck

141 3051 227 3122 itam
245 3055 394 3120 ordinem
416 3056 578 3122 debemus
599 3051 702 3121 intelli
729 3074 805 3133 ere,
834 3063 868 3118 et
890 3055 1015 3119 nostris
1037 3049 1127 3118 lure·
1178 3054 1290 3140 pergit
1309 3056 1474 3139 potando;
1496 3054 1569 3124 vult
1594 3079 1669 3124 eum
1696 3058 1861 3136 excitare,
1892 3058 1954 3124 aad
1977 3071 2051 3124 erat
2076 3076 2161 3124 uaer-

141 3141 236 3207 rlbus
258 3162 334 3207 cum
351 3163 419 3207 non
441 3144 645 3226 perturbare.
701 3075 787 3205 fiam
814 3141 948 3225 quando
975 3150 1127 3224 potestas
1178 3153 1256 3207 tuus
1278 3137 1464 3225 apoplexia.
1513 3142 1619 3210 Erant
1651 3147 1718 3211 doe
1752 3140 1850 3209 valde
1883 3146 1916 3209 in
1961 3143 2047 3210 niesi
2081 3144 2163 3220 viri3

142 3247 212 3294 non
233 3238 345 3313 petest
390 3230 495 3308 unire,
521 3240 602 3295 tune
631 3239 740 3292 tamen
762 3225 857 3292 Deus
879 3225 984 3312 punit.
1029 3222 1128 3312 Cogi·
1179 3227 1241 3293 sed
1263 3228 1320 3312 qui
1339 3225 1425 3293 nihil
1452 3232 1616 3296 curabant
1640 3231 1823 3298 doctrinam
1844 3228 1916 3296 Ecc
1929 3231 2030 3296 asiae.
2075 3227 2164 3298 Coe·

142 3323 229 3394 tate,
272 3251 407 3399 quanlo
447 3314 581 3380 honesti
621 3315 715 3379 cives
753 3313 860 3378 intuiti
891 3323 971 3378 suut
1004 3310 1128 3377 Christi
1179 3311 1260 3392 lum,
1281 3313 1314 3378 id
1337 3318 1585 3393 astoerebrum
1608 3318 1791 3397 corruit,et
1812 3317 1906 3382 nervi
1922 3313 2163 3395 dissolvam,

141 3418 268 3480 mores,
291 3400 481 3487 cogitarunt
502 3402 599 3467 etiam
621 3401 699 3486 ipsi:
743 3396 906 3465 Nolumus
935 3417 1014 3464 esse
1040 3399 1127 3464 sedi·
1179 3411 1213 3465 et
1234 3398 1336 3466 homo
1357 3399 1595 3488 strangulatur.
1640 3403 1736 3469 llaec
1755 3404 1832 3470 ideo
1854 3403 1949 3484 dico,
1978 3412 2014 3468 ut
2034 3402 2162 3490 regatis

143 3486 233 3565 tiesi,
256 3487 319 3552 sed
341 3485 521 3574 tranquilli.
564 3486 608 3552 Et
629 3486 686 3553 ubi
704 3497 757 3552 est
776 3482 934 3572 populus,
962 3485 1018 3572 qui
1039 3485 1127 3573 regi·
1179 3506 1242 3552 ves
1265 3483 1456 3574 diligentius
1477 3490 1511 3556 in
1533 3491 1634 3556 victrr.

1414 2290 1495 2363 aput
1515 2293 1579 2346 est
1590 2292 1692 2368 typus
1713 2276 1820 2357 eoch3
1831 2281 1908 2366 quia
1924 2281 2011 2346 sicut
2029 2275 2161 2344 coelunt

143 3584 198 3639 tur
219 3594 242 3639 a
262 3569 321 3638 tali
349 3574 423 3640 rire
444 3574 609 3654 honesto,
641 3573 687 3638 ibi
708 3571 775 3639 hec
796 3572 851 3653 fit,
885 3572 976 3658 quod
1008 3571 1127 3638 dicitur
1266 3568 1350 3639 lllud
1373 3574 1524 3642 mirabile
1553 3596 1574 3641 e
1599 3575 1720 3641 ilicium
1747 3589 1800 3642 cst
1828 3576 2051 3643 testimenium
2080 3573 2162 3641 divi-

141 3660 175 3725 ln
194 3670 362 3745 poemater
1178 3677 1243 3723 nae
1264 3661 1456 3744 sapientiae,
1479 3675 1513 3729 et
1534 3598 1680 3730 delebat
1707 3680 1786 3728 esse
1808 3657 2005 3727 dondmlium
2033 3671 2161 3726 meaa·

272 3748 423 3829 Siquam
443 3747 781 3830 eonspewem‘ruaa
806 3758 871 3811 etc.
893 3755 1010 3828 taceat,
1031 3763 1126 3812 arre-
1178 3764 1253 3809 rum
1272 3747 1528 3833 cogitationum
1545 3750 1612 3815 imo
1638 3750 1744 3834 ipsius
1765 3746 1839 3814 Filii
1861 3747 1925 3814 Dei
1955 3743 2099 3813 lucentis
2125 3747 2160 3811 in

314 3839 438 3916 casea
458 3835 592 3899 ambra
612 3835 774 3900 aalma:
1180 3831 1331 3916 cerebro,
1354 3843 1388 3898 et
1409 3836 1585 3901 excitantis
1614 3857 1655 3900 ce
1681 3836 1837 3901 itatienes
1867 3845 2022 3912 metas,
2049 3844 2084 3899 et
2109 3852 2161 3906 se·

272 3922 331 3986 Ille
351 3923 440 4002 repit
457 3921 555 3986 dictis
574 3921 702 3985 animer
722 3927 758 3984 et
772 3924 907 4001 pectora
923 3921 1050 3984 mulcet.
1178 3917 1345 4000 pientiam.
1389 3918 1466 3985 Non
1499 3933 1552 3986 est
1583 3856 1708 3987 inutilis
1741 3921 1892 3987 doctriua
1914 3918 2071 4008 Physica.
2115 3914 2163 3981 Es

230 4005 343 4092 Scipio
365 4004 442 4072 sele
465 4002 558 4072 vultu
579 4005 785 4090 compescuit
813 4004 1010 4070 seditiosam
1032 4023 1127 4069 exer·
1179 4005 1223 4065 iat
1243 4005 1294 4063 eia
1314 4005 1463 4080 amanda
1485 4010 1619 4094 quande
1640 4009 1696 4074 isti
1718 4011 1804 4074 asini
1826 4009 1975 4086 veniunt,
1997 4017 2032 4071 et
2057 4005 2162 4072 homi·

143 4093 254 4160 citum.
299 4092 475 4178 Augustus
499 4112 565 4158 una
588 4112 675 4158 voce
703 4089 910 4176 compescuit
935 4091 1054 4156 urbem
1075 4104 1128 4157 ta·
1178 4107 1240 4155 nes
1257 4085 1385 4156 iaciunt
1405 4106 1589 4179 porcos,ut
1611 4105 1826 4160 contemnant
1843 4092 2037 4159 deadmm
2080 4089 2162 4156 aas

143 4175 370 4258 multuantem,
393 4176 557 4244 clamans:
590 4180 707 4246 Anam
728 4183 1008 4260 iuvencum,
1034 4195 1128 4260 quem
1178 4179 1293 4264 πλῃξία
1314 4179 1404 4244 venit
1421 4200 1442 4245 a
1462 4178 1601 4261 utrina,
1627 4181 1661 4245 id
1689 4192 1758 4260 est,
1789 4180 1954 4268 percutiet
1975 4176 2162 4260 ἀποπλῃξια,

142 4284 240 4332 sares
263 4273 409 4332 iuvenem
431 4258 612 4333 audiebant.
657 4267 727 4331 Dar
744 4265 814 4345 aar
835 4267 905 4331 also
930 4263 1011 4330 Geta
1050 4262 1127 4328 Non
1222 4265 1365 4330 rcussio.
1410 4264 1484 4330 llec
1506 4265 1553 4339 dt,
1576 4288 1651 4333 cam
1674 4264 1831 4354 phlegma
1864 4269 1896 4331 in
1929 4266 2068 4331 caehro
2091 4261 2162 4331 cel·

142 4347 205 4417 fuit
233 4349 388 4416 Christus
420 4351 466 4417 ihi
498 4353 653 4416 deminus
685 4345 860 4434 politicus,
893 4360 930 4414 ut
964 4349 1126 4416 centurio.
1175 4359 1302 4415 ectum
1325 4352 1471 4418 concidit
1491 4352 1527 4417 ie
1556 4353 1749 4440 principium
1779 4371 1977 4427 nervorumr
2010 4371 2087 4417 nam
2120 4369 2163 4416 eo

142 4437 219 4504 Non
242 4438 293 4502 sic
316 4435 520 4524 intelligatis,
542 4434 670 4503 sicntE
694 4436 979 4540 iscepiscribnntt
1004 4438 1128 4503 aneae
1178 4436 1303 4520 impetu
1315 4439 1407 4503 nervi
1419 4439 1613 4505 obruuntur.
1637 4436 2162 4526 Suntaliinerri,quiimmediate

142 4533 224 4592 stati
241 4529 376 4605 Metam
394 4526 455 4590 sed
477 4521 592 4589 habuit
613 4459 727 4589 ibilus
749 4520 909 4597 civitatis5
931 4532 968 4587 ut
989 4519 1129 4588 haberet
1178 4533 1301 4608 regunt
1321 4533 1459 4604 metum,
1476 4521 1532 4590 alii
1554 4527 1718 4605 sensitivi,
1764 4529 1797 4592 ui
1820 4524 2027 4592 subtilia-res
2048 4535 2139 4589 suut.

141 4609 325 4699 legitimam
364 4607 502 4676 tutelam
542 4624 661 4675 centra
699 4607 868 4674 lleredem
906 4604 1126 4695 vulpeculam.
1265 4609 1445 4696 Παράλυσις
1461 4610 1544 4676 beist
1565 4611 1647 4674 inim
1750 4632 1802 4685 aa,
1819 4633 1894 4679 com
1917 4612 2093 4678 cerebrum
2108 4622 2162 4676 est

142 4697 228 4764 Nam
260 4699 289 4762 sl
320 4696 472 4762 llerodes
495 4695 664 4762 Christum
697 4695 974 4780 deprehendisset
1004 4694 1039 4761 in
1066 4715 1129 4760 sua
1178 4692 1358 4775 incolume,
1379 4697 1446 4759 aad
1466 4698 1563 4761 airdt
1583 4699 1668 4764 decb
1689 4702 1739 4760 cia
1761 4702 1836 4772 ann,
1859 4699 1941 4777 bein,
1963 4698 2042 4760 eder
2061 4696 2162 4759 asdor

143 4785 280 4862 ditione,
302 4795 382 4850 tunc
403 4804 478 4849 curn
502 4781 589 4848 clam
611 4780 846 4861 interfecisset,
868 4800 931 4845 nec
947 4784 1019 4848 eius
1041 4801 1128 4847 mer·
1178 4779 1268 4862 pltea
1289 4781 1388 4862 isim,-
1421 4783 1622 4851 Gennanica
1650 4786 1761 4852 versio
1795 4783 1897 4861 habet
1929 4782 2160 4867 picitmaeiip.

143 4873 186 4935 tis
209 4868 299 4935 fama
321 4882 412 4935 tanta
434 4866 573 4946 luisset,
597 4880 635 4934 ut
656 4868 721 4933 lam
743 4879 806 4932 est.
862 4864 1017 4934 Christus
1044 4888 1127 4955 erge
1178 4866 1216 4931 ld
1248 4871 1356 4955 magis
1389 4872 1542 4957 congruit
1574 4874 1617 4938 ad
1640 4873 1857 4938 artlrritidem.
1900 4872 1969 4938 Sed
1991 4869 2162 4958 παράλυσις

143 4977 209 5023 nos
232 4953 335 5021 voluit
359 4959 502 5036 decere,
532 4954 657 5021 licitum
682 4953 830 5019 essenti
852 4950 1128 5041 delensieaape·
1180 4953 1312 5032 dieitur,
1335 4977 1409 5021 cam
1432 4959 1616 5024 membmm
1636 4970 1689 5025 est
1710 4961 1785 5024 sine
1806 4971 1918 5036 matur
1950 4972 1984 5023 et
2016 4957 2086 5025 hoe
2115 4957 2160 5021 si·

143 5039 248 5121 litica,
271 5054 305 5107 et
322 5063 389 5106 nen
413 5041 661 5130 negligendum,
682 5040 743 5105 sed
767 5041 1035 5106 conservandum
1052 5060 1130 5105 esse
1179 5037 1300 5107 militer
1321 5045 1413 5108 venit
1433 5063 1475 5108 ex
1492 5044 1752 5131 intemperantia·
1797 5043 1855 5125 Ut,
1878 5066 1953 5112 cum
1975 5045 2070 5113 nervi
2090 5063 2160 5110 me·

146 5130 295 5194 ordinem
325 5127 505 5226 politicum.
560 5127 634 5194 Vos
666 5122 903 5194 adolescentes
933 5124 1130 5213 plerumque
1179 5125 1238 5194 tiri
1259 5147 1302 5194 ex
1325 5130 1477 5215 putribus
1497 5130 1716 5213 humoribus,
1750 5150 1814 5198 seu
1846 5151 1888 5199 ex
1920 5151 1989 5200 aon
2014 5128 2160 5200 mardi
