4620 5588
141 210 171 285 s
826 186 1616 311 vommmammruonnnn·'
2115 218 2233 295 ιιι

142 398 221 473 ria·
246 400 451 484 alumi·
478 400 555 471 aliia
574 402 720 472 minoret
750 404 820 473 Sed
842 405 943 474 dehet
968 426 1127 475 mascaro
1175 401 1357 477 So'oratesi
1398 405 1485 475 Non.
1541 404 1702 473 Socrates
1724 402 1826 471 habet
1856 416 1954 472 actus
1978 406 2160 492 insperatas
2188 459 2192 469 .

143 484 364 576 mauguin
417 486 526 557 lioruo
559 490 661 557 dehet
691 488 874 577 prolicere,
912 503 946 560 ει
984 494 1126 561 subinde
1175 502 1352 573 externos,
1386 493 1476 578 quod
1498 511 1565 556 non
1593 501 1645 556 est
1666 488 1881 575 blsaphemus
1898 500 2017 558 conus
2036 489 2161 574 Deum,

142 574 247 655 m
266 594 424 645 crescere
444 573 503 642 ille
523 577 675 657 novitas,
703 577 792 644 sicut
813 575 893 645 alibi
913 579 1033 665 inquit:
1059 582 1126 647 Hu-
1174 600 1242 645 uon
1261 591 1315 645 est
1334 578 1540 664 Epicureus;
1573 578 1650 662 quia
1673 579 1752 643 dicit
1783 574 1908 665 aliquid
1936 595 2015 644 esse
2036 576 2160 659 Deum,

142 660 235 733 Η
252 660 395 731 dodim
438 660 500 727 llle
520 661 683 748 proficiet,
704 663 762 749 qui
782 663 885 730 hahet
905 663 991 732 haec
1016 666 1125 732 inita:
1175 666 1238 732 sed
1259 676 1393 731 manent
1414 677 1525 730 tamam
1547 664 1581 728 in
1604 663 1708 728 corde
1740 663 1813 729 eius
1843 664 2077 731 dubitationes.
2121 664 2159 731 lu

144 748 221 825 Qui.
235 767 305 815 uon
335 745 450 829 hahet,
477 769 542 812 nec
574 746 646 815 vult
676 749 821 817 retinere
853 749 921 818 hoc
952 749 1125 832 talentum,
1174 749 1272 818 Pauli
1294 754 1395 818 corde
1405 751 1559 816 assensio
1582 760 1636 815 est
1657 746 1761 815 multo
1784 749 1923 832 firmior3
1947 750 2024 838 quia
2040 770 2160 827 accen·

143 831 388 989 ἧιοάιιιειιει,
420 836 577 918 eripietur
609 835 651 901 ei.
694 833 781 901 ¹lloo
813 838 900 903 hene
932 838 1125 904 observate.
1176 838 1263 905 ditur
1284 837 1521 924 perspiritum
1543 847 1706 901 sanctum.
2151 888 2156 899 .

176 939 222 987 ou
242 918 327 987 liunt
347 919 407 986 illa
434 921 560 1001 subito,
581 932 615 987 et
635 918 755 986 semel:
787 922 929 1007 Oportet
960 923 1125 991 accedere
1262 924 1399 1009 Semper
1420 933 1530 989 autem
1547 921 1613 988 hoo
1636 924 1813 988 tenendum
1836 932 1908 1002 cst,
1938 924 2027 1008 qnod
2050 924 2160 991 omnia

144 1006 324 1087 wuith,
344 1018 378 1073 et
399 1018 580 1093 propterea
598 1004 753 1073 Ecclesia
774 1020 827 1074 est
849 1010 1001 1076 subiecta
1018 1010 1127 1093 ¹errici,
1176 1029 1281 1096 opera
1312 1021 1347 1075 ει
1379 1009 1537 1075 exercitia
1569 1014 1762 1074 renatorum
1802 1009 1949 1074 nondum
1981 1010 2049 1074 sint
2079 1007 2159 1089 hoc,
2200 1074 2202 1078 ,

142 1094 232 1249 hihi:
253 1103 449 1179 eaetescat
469 1092 568 1173 iides,
599 1093 782 1175 invocatio,
804 1114 897 1181 spes,
924 1093 1070 1178 dilectio,
1092 1107 1126 1161 et
1199 1108 1314 1182 ropter
1335 1097 1425 1183 quod
1446 1114 1594 1181 persona
1614 1095 1659 1160 sit
1679 1098 1780 1175 iusta,
1801 1114 1863 1162 seu
1884 1107 2023 1181 accepta
2046 1115 2160 1163 coram

248 1180 402 1247 vinctas
1212 1203 1264 1248 e.

74 1332 77 1341 ,
230 1262 316 1333 Cum
335 1265 437 1372 igitur
456 1264 557 1330 homo
580 1273 632 1330 est
653 1264 761 1331 iustus
793 1265 879 1348 lide,
911 1278 945 1334 et
966 1280 1126 1373 acceptus
1231 1204 1253 1249 ⁰

142 1361 282 1439 propter
303 1348 420 1418 Fihum
442 1347 519 1430 Dei,
546 1352 655 1429 (cuius
681 1349 882 1419 sacrificium
911 1352 1125 1439 piscaturam

143 1439 271 1506 merui
293 1435 421 1516 Patris,
453 1448 487 1501 et
531 1437 564 1502 ui
597 1435 743 1522 implevit
774 1433 885 1527 legem
916 1461 978 1526 pro
1012 1442 1124 1517 uobis)

142 1523 335 1611 remigum
355 1524 469 1608 incipit
495 1457 593 1589 slmui
615 1522 787 1602 vivificari,
821 1536 855 1591 et
885 1528 1004 1593 vivens
1032 1540 1126 1593 certe
1267 1513 1404 1620 Quare
1440 1514 1561 1627 igliur
1590 1542 1762 1627 persona
1801 1527 1864 1598 est
1899 1529 2067 1627 accepta

144 1610 244 1676 dehet
269 1607 397 1676 habere
429 1610 593 1676 actiones.
648 1608 711 1676 llic
743 1629 861 1677 rursus
883 1612 927 1678 de
948 1610 1007 1679 illu
1028 1613 1126 1678 disci·

144 1694 236 1782 plina
257 1696 472 1783 cogitandum
495 1708 565 1774 est,
597 1696 632 1762 in
659 1715 725 1781 que
752 1696 852 1763 homo
873 1697 1006 1766 iuvatur
1027 1699 1126 1764 etiam
1525 1697 1660 1753 coram
1690 1668 1816 1755 Deo?

146 1782 311 1868 aspicito
333 1794 463 1848 sancto.
517 1781 561 1848 Et
589 1781 832 1848 consideranda
843 1796 912 1850 »est
932 1784 1125 1872 magnitudo
1629 1826 1632 1833 -

145 1867 341 1935 infirmitatis
362 1879 511 1949 nostrae,
540 1879 574 1934 et
593 1866 717 1934 furoris
738 1865 888 1935 Diaboli=
920 1870 1125 1938 Disceadnrn
1262 1868 1404 1956 Propter
1418 1866 1645 1935 Mediatorem.
1678 1866 1803 1935 Paulus
1825 1889 1905 1935 rere
1925 1879 1979 1935 est
1995 1879 2158 1954 acceptus

145 1966 209 2034 est,
231 1954 321 2041 quod
343 1952 519 2041 disciplina
539 1974 607 2020 non
623 1951 757 2040 placeat
778 1954 851 2021 sine
872 1957 949 2023 lide.
983 1956 1125 2031 Quando
1175 1954 1241 2021 fide
1278 1976 1341 2045 pro
1366 1968 1416 2022 ter
1443 1953 1671 2021 Mediatorem.
1726 1954 1853 2022 Contra
1884 1974 1966 2021 vero
2000 1976 2185 2042 personia„

145 2050 254 2107 autem
285 2041 350 2106 iam
372 2039 437 2107 fide
458 2061 573 2108 sumus
596 2041 712 2105 inserti
733 2037 817 2106 Filio
838 2040 922 2122 Dei,
954 2054 988 2108 ει
1010 2060 1125 2109 sumus
1175 2043 1304 2108 etiamsi
1337 1978 1438 2108 llehet
1469 2043 1667 2120 novitatem,
1700 2051 1899 2107 tamennon
1932 2051 1984 2107 εει
2015 2055 2182 2126 acceptu„

145 2127 258 2194 donati
279 2127 424 2214 Spiritus
446 2138 585 2206 sanmo,
618 2136 687 2193 tam
714 2123 814 2192 simul
834 2129 980 2217 regimur
1001 2129 1125 2214 Spiritu
1175 2138 1312 2213 propter
1332 2130 1530 2207 novitatem,
1564 2139 1620 2193 aut
1652 2138 1788 2213 propter
1817 2123 2016 2212 diligentiam
2039 2127 2156 2193 coher-

147 2224 277 2293 eancio,
300 2223 334 2278 et
354 2211 516 2279 hahemus
537 2212 688 2280 actiones
709 2232 829 2293 novas,
863 2216 984 2300 quihus
1016 2216 1126 2283 irena·
1176 2214 1273 2281 cendi
1295 2234 1343 2287 se,
1365 2227 1423 2283 aut
1443 2230 1581 2300 propter
1605 2216 1691 2280 bona
1714 2233 1834 2298 opera3
1857 2215 1949 2279 iuxta
1972 2210 2031 2279 illa
2053 2214 2156 2282 dictu:

146 2296 433 2378 turlooomotive,
455 2311 488 2364 et
509 2302 635 2389 regitur
656 2308 795 2363 externa
816 2299 1003 2386 disciplina,
1025 2302 1125 2368 etita
1173 2304 1245 2367 Non
1276 2303 1501 2382 iustificabitur
1533 2306 1567 2366 in
1599 2307 1772 2383 consperto
1804 2309 1858 2367 tuo
1895 2301 2001 2366 omnis
2038 2309 2156 2369 ciram.

146 2388 251 2454 renati
274 2382 391 2453 melius
414 2398 555 2470 possunt
576 2381 782 2468 disciplinam
804 2399 987 2468 praestare.
1174 2384 1268 2451 item:
1301 2387 1341 2451 Si
1357 2387 1549 2469 ,inima'totcr
1569 2385 1789 2453 observaveris
1809 2387 1965 2465 omnine,
1993 2392 2066 2468 aaa
2085 2406 2157 2454 ειιι-Ι

231 2472 311 2539 ideo
328 2491 391 2538 vos
415 2469 662 2550 adolescentes,
673 2469 802 2535 debetis
826 2472 1029 2558 coniungere
1046 2473 1124 2553 ista,
1173 2473 1309 2537 tinebit?

146 2557 244 2627 fidem
265 2554 525 2644 praelucentem,
541 2579 609 2644 qua
630 2556 786 2623 statuatis
808 2576 870 2621 vos
891 2555 1026 2645 placere
1048 2557 1122 2623 Deo
1261 2554 1289 2618 0
1315 2567 1401 2622 ortet
1422 2557 1576 2643 coniungi
1599 2557 1662 2623 has
1685 2560 1769 2624 duas
1790 2556 2051 2642 propositiones:
2074 2579 2156 2645 qus·
2208 2572 2214 2583 ’

146 2642 283 2732 propter
304 2641 412 2711 solum
436 2640 625 2722 Christum,
658 2655 884 2727 nonpropter
905 2656 1054 2711 nostram
1076 2645 1124 2710 di·
1174 2663 1247 2708 rum
1304 2653 1375 2708 tere
1396 2639 1665 2716 estaffirmativa,
1688 2642 1818 2710 alterna
1839 2645 2007 2730 negativa.
2039 2641 2177 2713 Altera.

147 2732 320 2818 gnitatemz
352 2726 484 2795 Deinde
505 2731 604 2797 etiam
626 2727 784 2815 Spiritum
807 2741 976 2811 sanctum,
1010 2733 1124 2797 datum
1175 2728 1254 2794 dicit
1286 2747 1464 2812 personam
1505 2750 1574 2795 non
1613 2749 1692 2795 esse
1733 2731 1854 2797 iustam
1898 2749 1961 2795 sua
1991 2730 2155 2797 novitates

147 2817 371 2893 menibus,
392 2834 453 2881 seu
476 2816 663 2894 conversis,
685 2834 754 2880 nou
771 2825 808 2879 nt
829 2816 874 2880 sit
892 2817 1040 2896 otiosus,
1061 2817 1124 2882 scd
1174 2813 1279 2879 altera
1301 2814 1391 2894 dicit,
1413 2816 1504 2901 qnod
1526 2817 1630 2882 sinus
1647 2815 1815 2883 iustificati
1837 2815 1913 2882 fide.
1956 2815 2006 2882 lta
2029 2814 2156 2883 Paulus

146 2914 182 2970 at
201 2915 364 3009 repugnet
383 2899 478 2966 malis
500 2901 687 2984 affectibus,
708 2911 749 2977 etv
762 2901 853 2966 iuvet
873 2922 938 2967 nos
954 2904 988 2968 in
1005 2923 1125 2990 regen·
1174 2900 1292 2985 inquit=
1325 2904 1414 2968 Nihil
1442 2905 1522 2968 milii
1550 2908 1697 2969 conedae
1722 2923 1808 2978 surm
1843 2906 1905 2970 red
1935 2909 1969 2968 in
2001 2903 2060 2969 hoc
2092 2922 2158 2970 raon

147 2990 189 3055 ds
210 2985 396 3074 discipline.
440 2984 514 3053 lluc
537 2988 684 3074 pertinet
706 2987 828 3052 dictum
849 2986 957 3054 Pauli:
979 2987 1020 3055 Si
1029 2990 1126 3056 cotio·
1175 2989 1365 3068 iuruficahrs
1385 3007 1472 3054 snm:
1503 2988 1537 3052 id
1559 3001 1629 3065 est,
1661 3008 1730 3053 non
1762 3008 1836 3055 sum
1858 3000 2021 3073 acceptus
2043 3008 2157 3055 coram
2221 3012 2224 3019 ·

146 3095 205 3142 ner
224 3081 336 3142 carm
363 3077 634 3154 mortificaveritis
665 3075 803 3156 Spiritu,
824 3080 945 3141 civem.
990 3078 1125 3158 Spiritu,
1175 3070 1269 3151 Deo,
1302 3085 1438 3157 propter
1469 3073 1626 3138 iustitiam
1661 3076 1768 3140 bonae
1801 3075 2036 3141 conscientiae.
2081 3072 2157 3147 Qua

146 3163 264 3247 inquitr
296 3162 330 3226 id
363 3170 426 3238 est,
460 3160 585 3245 Spiritu
618 3170 737 3227 sancto
767 3173 923 3228 movente
950 3163 1125 3228 nosceris
1176 3159 1276 3244 igitur
1296 3179 1335 3224 re
1357 3179 1501 3243 persona
1522 3171 1575 3224 est
1596 3171 1735 3245 accepta
1767 3181 1879 3226 coram
1909 3159 2007 3228 Deo‘i
2061 3160 2156 3240 Fide,

146 3249 289 3315 motibus
311 3242 550 3333 spiritualibus.
1175 3254 1313 3397 lplropter
1339 3243 1457 3310 Filium
1478 3244 1553 3310 Dei.
1598 3243 1671 3312 Hac
1702 3245 1768 3311 lide
1788 3247 1838 3311 ·lit
1861 3245 2059 3326 vivificatio,
2090 3245 2156 3312 hec

195 3338 199 3345 '
229 3335 285 3399 An
308 3333 467 3399 Socrates
489 3334 577 3420 regit
597 3330 833 3399 locomotivam
850 3331 994 3417 spiritui
1036 3332 1125 3400 Non.
1200 3331 1241 3396 de
1262 3330 1300 3395 tit
1321 3328 1507 3397 consolatio
1529 3351 1617 3417 quae
1648 3328 1746 3398 simul
1769 3343 1821 3397 cst
1841 3333 1969 3398 initium
1992 3352 2100 3399 novae
2121 3343 2156 3399 et

146 3419 199 3484 An
236 3416 363 3485 Paulus
397 3418 529 3485 dicens:
563 3418 733 3501 ὑπωπιάζω
755 3415 790 3481 rd
812 3415 902 3499 σῶμὰ
926 3417 1007 3500 poci
1060 3418 1125 3485 lta:
1173 3428 1332 3482 aeternae
1354 3418 1458 3496 vitae,
1490 3416 1578 3482 sicut
1601 3416 1756 3483 Christus
1778 3419 1871 3483 dicit:
1904 3417 2069 3485 Haereat
2091 3425 2156 3485 nita

147 3504 335 3592 Disciplina
358 3502 453 3571 Pauli
474 3516 529 3569 est
549 3502 604 3570 lon
631 3526 650 3571 e
673 3501 900 3583 excellentior,
932 3526 1029 3591 quam
1063 3505 1125 3571 So·
1175 3508 1323 3582 reinna,
1354 3511 1390 3568 ut
1421 3514 1597 3584 opnoscoat
1626 3514 1658 3570 te
1679 3525 1788 3571 cenom
1808 3509 1923 3582 Deam,
1953 3515 2014 3568 etc.
2060 3502 2154 3569 item:

148 3594 260 3658 cratis.
305 3588 429 3656 Paulus
462 3591 587 3656 resistit
653 3589 776 3670 iabolo,
798 3591 924 3655 resistit
944 3591 1125 3657 infirmitati
1174 3592 1284 3655 Iustus
1303 3592 1368 3670 tide
1384 3609 1445 3655 ruo
1466 3591 1555 3655 ciaet.
1589 3587 1960 3677 llladirtacongruunt,
1983 3601 2016 3655 et
2038 3590 2156 3655 eodem
2239 3591 2241 3596 ’

145 3675 297 3745 natarali.
351 3678 408 3741 Sic
430 3687 464 3742 et
485 3695 548 3742 nos
571 3697 592 3741 o
616 3687 703 3743 ortet
719 3677 879 3742 resistere
900 3674 1058 3756 Diabolo,
1088 3689 1126 3759 ,ει
1176 3675 1313 3739 tendunt
1333 3675 1422 3741 idem
1445 3671 1570 3742 volunt.
1623 3725 1630 3743 .
1756 3688 1766 3711 .
2042 3748 2048 3760 ‚

145 3763 322 3830 infirmitati
342 3759 497 3828 naturali.
541 3698 623 3826 Sall
650 3763 735 3829 ratio
757 3760 901 3826 humana
928 3784 996 3829 non
1025 3763 1126 3829 habet
1260 3758 1334 3826 Hoc
1366 3761 1465 3827 ruodo
1499 3762 1618 3828 videtis
1651 3762 1856 3848 propositum
1890 3775 1923 3826 et
1946 3762 2100 3827 traditum
2122 3763 2155 3827 iu

144 3862 269 3917 tantm
290 3851 404 3927 robur,
425 3860 463 3915 ut
483 3850 593 3935 possit
613 3849 749 3916 vincere
771 3847 925 3926 astutias,
953 3861 987 3914 et
1008 3862 1125 3934 poten·
1173 3846 1240 3911 hac
1261 3848 1422 3913 concione
1445 3849 1624 3914 discrimen
1646 3849 1789 3913 iustitiae
1811 3847 2072 3934 paedagogicae,
2101 3845 2156 3913 vel

146 3938 224 4002 tiam
246 3932 391 4002 Diaboli.
436 3933 578 4008 Quando
600 3934 766 4001 deseritur
787 3933 887 3998 homo
916 3933 1047 4013 eDeo,
1070 3947 1125 4001 est
1175 3930 1390 4019 disciplinae,
1424 3955 1457 4000 ει
1478 3930 1582 4013 illius,
1615 3954 1680 4019 qua
1701 3932 1802 3998 homo
1827 3955 1940 3998 coram
1961 3933 2037 3998 Deo
2061 3953 2155 3999 acce
2255 3942 2262 3961 ⁸

146 4023 343 4106 mancipium
364 4012 513 4100 Diaboli,
546 4033 599 4086 εει
621 4022 694 4086 sine
718 4019 843 4107 Spiritu
859 4031 991 4098 sancto,
1024 4018 1123 4087 lacile
1174 4029 1250 4104 ptus
1274 4030 1337 4099 εει,
1359 4032 1392 4085 ει
1414 4041 1480 4108 qua
1503 4018 1586 4083 hunt
1606 4021 1639 4083 in
1652 4020 1749 4084 nohis
1772 4019 1862 4084 initia
1876 4021 1964 4084 vitae
1987 4032 2155 4101 aeternae,

144 4119 255 4193 potest
276 4108 390 4173 everti.
419 4108 571 4184 Sciamus
592 4127 675 4194 ergo
698 4108 770 4173 dari
792 4107 949 4192 Spiritum
971 4118 1124 4173 sanctum
1175 4114 1209 4169 ct
1231 4126 1327 4192 quam
1351 4118 1482 4190 oportet
1504 4124 1583 4170 esse
1614 4117 1726 4170 notam
1748 4108 1782 4171 in
1804 4103 1969 4171 Ecclesia.
2014 4104 2068 4170 Dc
2088 4102 2158 4172 hoo

144 4194 282 4273 mantis,
313 4205 348 4260 ut
380 4193 512 4261 sintin
545 4213 607 4262 eos
638 4194 729 4260 initia
760 4213 869 4259 novae
903 4205 935 4258 et
967 4205 1125 4259 aeternae
1175 4191 1363 4258 discrimine
1397 4194 1565 4277 disputant
1596 4192 1683 4256 inter
1715 4212 1754 4257 se
1776 4192 1978 4258 Nicodamus
2008 4205 2041 4257 ct
2062 4190 2154 4283 Chri·

144 4282 243 4347 vitae·
1175 4287 1264 4342 stus:
1292 4278 1494 4343 Nicodamus
1517 4278 1636 4362 inquit:
1671 4277 1833 4356 mmmm
1853 4282 1914 4345 ltoc
1929 4288 2041 4363 potest
2056 4281 2160 4360 fieri?-

230 4362 313 4431 Cum
335 4364 372 4430 lit
392 4366 426 4431 in
449 4364 546 4431 nohis
567 4363 756 4446 inchoatio,
780 4362 837 4430 ilia
859 4384 948 4430 nova
970 4373 1125 4429 creatura
1178 4366 1262 4443 Ouili
1279 4373 1315 4430 tu
1331 4365 1414 4430 dicis
1434 4367 1476 4430 de
1496 4365 1716 4448 renascentia,
1745 4377 1777 4430 et
1800 4366 1912 4430 obiicit
1933 4361 1981 4429 illi
2003 4365 2154 4431 absurdi·

143 4471 212 4518 non
234 4464 286 4517 εει
308 4452 427 4516 otiosa.
482 4449 569 4516 Caro
597 4461 764 4538 repugnat
790 4449 937 4535 Spiritui,
971 4461 1005 4517 et
1024 4449 1124 4534 Spiri·
1175 4461 1288 4528 tatem,
1330 4447 1485 4514 Christus
1507 4450 1600 4516 dicit:
1628 4453 1674 4516 Er
1695 4459 1730 4517 ta
1751 4453 1908 4533 artoptam
1932 4454 2100 4535 inlaraei,
2123 4460 2157 4518 et

144 4550 200 4604 tus
217 4539 326 4617 carni3
358 4549 393 4602 et
420 4537 565 4603 sciamus
598 4547 677 4603 tunc
709 4539 807 4602 etiam
839 4537 1019 4623 regendam
1046 4555 1123 4600 esse
1174 4542 1307 4616 ipnorar
1336 4538 1425 4602 tatu?
1473 4534 1582 4601 'laxat
1616 4537 1781 4603 inscitiam
1814 4536 2089 4615 Pharisaeorum,
2122 4548 2156 4603 et

144 4620 390 4702 locomotivam,
425 4636 458 4689 et
491 4643 557 4688 non
590 4623 663 4709 regi
695 4635 819 4688 tantum
842 4642 863 4688 a
886 4623 1034 4701 ratione,
1062 4622 1123 4686 sed
1172 4619 1263 4686 illam
1291 4642 1444 4708 magnam
1478 4621 1670 4708 caliginem,
1703 4624 1791 4708 quod
1814 4645 1879 4688 non
1914 4625 2024 4688 norint
2057 4621 2155 4689 eliam

108 4741 113 4747 ·
143 4711 238 4796 regia
260 4709 384 4794 Spiritu
406 4722 544 4786 sancto,
577 4719 611 4774 et
644 4710 803 4774 debemus
833 4729 967 4794 quoque
987 4728 1050 4773 nos
1068 4728 1123 4793 pe-
1173 4707 1342 4786 iustitiam,
1364 4709 1429 4773 nisi
1448 4708 1656 4792 disciplinam
1673 4728 1734 4773 seu
1751 4708 2155 4789 iustitiamPharisaicam,

143 4807 228 4873 tere,
251 4807 285 4861 ut
307 4816 463 4883 regamur
485 4795 609 4878 Spiritu
626 4807 758 4861 sancto.
883 4842 896 4869 ,
1175 4813 1249 4858 cnm
1283 4804 1392 4859 tamen
1425 4795 1459 4860 in
1492 4793 1645 4859 Ecclesia
1678 4806 1830 4880 oporteat
1861 4815 1965 4861 nosse
1999 4796 2174 4862 iustitiam·

232 4881 323 4946 ilaec
345 4894 425 4946 sunt
446 4877 693 4945 transferenda·
709 4881 752 4958 ad
773 4901 881 4959 usum,
916 4892 949 4944 et
969 4879 1124 4944 addenda
1174 4879 1263 4957 fidei,
1295 4901 1369 4945 cum
1404 4903 1469 4968 qua
1504 4883 1680 4947 coniuncta
1712 4895 1765 4947 est
1788 4883 1959 4948 renovatio
1986 4882 2155 4948 advitam

145 4977 199 5033 est
220 4969 385 5051 precatio:
412 4968 475 5035 Cor
497 4970 646 5032 mundum
668 4987 745 5033 creo
766 4975 800 5032 in
821 4986 884 5044 rae,
906 4987 925 5033 o
946 4965 1048 5032 Deua
1173 4977 1351 5032 aeternam.
1803 4969 1811 4977 '
2237 5047 2240 5051 Ι

232 5051 382 5119 llahcine
403 5051 529 5119 Paulus
565 5065 660 5118 actus
684 5050 822 5135 elicitos,
853 5053 981 5131 idest,
1013 5053 1123 5117 serios
1261 5049 1401 5135 Oportet
1422 5053 1513 5133 sciri,
1534 5053 1623 5137 qnod
1646 5049 1819 5138 disciplina
1848 5066 1881 5118 et
1902 5056 2058 5119 exercitia
2081 5055 2154 5119 eius

144 5138 379 5224 invocationis,
392 5137 585 5208 dilectionis
611 5137 698 5206 Dei?
740 5136 800 5204 lta.
845 5137 999 5205 llahetne
1025 5139 1124 5205 etiam
1175 5157 1243 5204 nou
1265 5139 1332 5203 sint
1347 5141 1499 5205 meritum
1520 5139 1727 5206 remissionis
1748 5151 1976 5225 peccatorum,
1996 5159 2065 5205 non
2086 5140 2154 5205 siut
