4620 5588
174 170 276 257 aa
380 117 384 129 ⁸
535 236 545 255 ,
866 107 1511 259 eosmumuaueuruonuue
1688 242 1713 289 .·
2129 188 2212 271 eru

174 375 269 444 llaec
290 371 484 441 sollicitudo
504 370 631 441 laboris
643 380 709 479 oest
730 367 915 461 diligentie,
934 384 969 439 et
989 381 1044 439 est
1063 392 1159 461 pree·
1183 393 1188 501 p
1280 370 1376 449 dise
1396 368 1470 439 vult
1490 390 1554 438 nos
1577 370 1748 479 cmunlare
1768 376 1980 455 moestitiam,
2002 324 2197 463 dubitando,

176 475 285 549 cepte,
307 472 342 528 et
362 460 449 527 baec
470 481 539 527 non
560 470 689 528 cruciet
710 477 782 525 cor.
826 458 923 526 ltem:
1210 458 1404 538 moerendo,
1426 454 1586 547 lugendo.
1640 457 1773 526 Deinde
1800 459 1872 527 vult
1893 466 2083 546 praesentio
2104 477 2198 535 recte

305 590 485 667 praecepta
505 582 724 664 impombma,
745 589 825 647 m
841 580 990 646 imm.
1210 542 1295 608 lieri.
1338 541 1409 610 Fac
1430 545 1465 610 iu
1486 547 1686 630 praesentia,
1708 547 1798 634 qnod
1821 561 1950 615 rectunr
1973 560 2037 629 est,
2065 550 2196 625 semies

307 670 578 840 lm&
596 668 774 735 ‘’ellel“
812 666 1046 748 etrele»
1085 673 1164 732 ἐ’
1210 629 2019 804 limittitt‘tl{?⁰t;ii⁰ttt2iitii⁰
2039 648 2197 792 titii:

307 841 606 924 &cerlo
1209 800 2199 979 :tii:inmittit:taritotc‘iurtce

232 992 236 999 '
264 979 466 1065 Respondeo
486 979 530 1044 ad
551 976 732 1045 Minorem:
760 973 982 1062 Praeceptum
1004 973 1046 1040 de
1067 968 1161 1039 solli·
1210 972 1273 1039 Est
1289 975 1412 1041 dictum
1430 974 1603 1042 Periandri
1625 979 1714 1064 apud
1732 976 1957 1046 Herodotum:
1977 979 2022 1063 pei
2043 983 2083 1046 toi
2104 980 2196 1051 neele

178 1066 323 1134 citudine
345 1065 536 1145 omittenda,
558 1062 596 1129 tit
616 1059 779 1149 possibile
800 1063 936 1127 iuvante
955 1058 1045 1125 Deo.
1096 1062 1161 1127 Sed
1208 1064 1307 1149 κακῷι
1329 1081 1373 1127 ne
1394 1075 1514 1129 senato
1536 1061 1658 1129 malum
1670 1059 1768 1129 melo.
1801 1067 1848 1131 li:
1868 1073 1913 1133 tol
1927 1086 2077 1151 oemcyn,
2098 1066 2196 1137 meon

177 1151 371 1242 quomodo?
413 1150 469 1217 An
490 1162 527 1219 ιιι
548 1147 640 1229 nesse
661 1150 705 1215 sit
727 1143 941 1214 sollicitudo?
983 1146 1077 1213 Nou:
1099 1146 1161 1213 sed
1210 1154 1304 1214 einer
1320 1151 1442 1215 andeli
1465 1157 1536 1217 irre
1562 1170 1603 1217 ac
1626 1153 1763 1217 werden
1791 1170 1832 1215 ex
1859 1154 2036 1233 moestitia,
2064 1174 2103 1221 eo
2125 1159 2199 1225 mut

100 1241 102 1245 ’
176 1253 214 1307 ut
234 1241 386 1307 vincatur
409 1236 494 1303 lide:
524 1237 601 1324 quia
622 1233 709 1302 baec
730 1246 783 1301 ost
808 1232 943 1321 phrasis
965 1233 1063 1301 buius
1085 1252 1162 1301 seu·
1210 1255 1249 1301 er
1270 1240 1343 1303 cloto
1363 1237 1444 1301 oder
1460 1238 1523 1302 dos
1543 1238 1674 1318 medere,
1703 1248 1739 1301 ut
1760 1234 1872 1303 Darid
1893 1250 1972 1325 post
1993 1253 2122 1325 raptem
2145 1239 2195 1305 el·

173 1326 313 1392 tentiae:
346 1328 418 1392 Non
439 1327 515 1390 sitia
543 1327 690 1391 solliciti:
716 1323 844 1400 idest,
872 1342 941 1388 nun
961 1317 1161 1408 frangernini
1210 1321 1315 1387 terius
1338 1322 1528 1409 coniugem,
1550 1320 1621 1388 vult
1638 1324 1808 1410 corrigere
1831 1322 1899 1390 hoc
1920 1337 2075 1399 erratum,
2099 1326 2196 1394 currit

174 1410 410 1479 sollicitudine.
464 1409 580 1476 Verba
606 1406 763 1475 Hebraea
794 1406 1027 1495 intelliguntur
1058 1426 1161 1492 saepe
1211 1405 1354 1474 interfici
1376 1406 1502 1487 Uriam,
1520 1420 1557 1473 ut
1577 1429 1635 1473 res
1656 1421 1806 1475 nrenerct
1828 1408 1977 1491 occulta,
2010 1433 2087 1479 oron
2114 1417 2195 1495 solie

175 1497 386 1584 completive.
430 1498 537 1563 Nolite
556 1497 673 1562 tmere
693 1514 760 1575 eos,
787 1501 843 1579 qui
862 1514 982 1579 corpur
1002 1496 1160 1561 occidunt.
1210 1496 1301 1561 acle
1320 1501 1419 1561 brnen
1440 1496 1586 1577 werden,
1622 1502 1656 1563 io
1684 1516 1722 1577 ea
1748 1504 1792 1563 iel
1818 1502 1896 1564 selu
1922 1503 1987 1565 :ool
2010 1506 2193 1582 corripiort.

175 1584 277 1653 Certe
297 1606 365 1650 non
387 1588 529 1668 possum
557 1602 626 1647 non
648 1580 786 1649 timere?
830 1581 899 1647 Sed
928 1581 1040 1647 vincat
1064 1579 1161 1659 fides,
1210 1576 1313 1646 Tales
1340 1581 1569 1647 correctiones
1602 1584 1855 1659 surrtacrebree
1886 1585 1920 1651 in
1947 1585 2027 1651 vite.
2081 1586 2195 1653 Dubia

174 1692 244 1742 non
265 1672 379 1736 vincet
399 1680 509 1734 metus
531 1681 589 1734 ent
610 1669 795 1754 trepidatio.
827 1665 922 1733 Talia
943 1668 1043 1753 igitur
1062 1686 1161 1817 Erae·
1207 1669 1352 1748 oeidreo
1373 1668 1427 1734 lile
1457 1670 1567 1733 Verre:
1664 1738 1668 1747 ,
1843 1699 1846 1702 -

176 1770 273 1844 cepta
285 1767 364 1823 sunt
375 1752 548 1842 possibilie
560 1752 794 1833 iuventeDeo,
815 1755 862 1819 ite
882 1765 920 1820 ut
935 1755 1048 1819 vincet
1088 1753 1161 1831 des,
1340 1752 1496 1821 tirrano
1512 1757 1591 1834 fieri
1608 1756 1765 1837 quaedum
1777 1761 1894 1840 peloro
1914 1758 2068 1840 eiciemus,

174 1866 245 1913 non
267 1846 380 1909 vineat.
413 1842 580 1909 cruciatus
603 1852 637 1906 et
657 1838 857 1907 sollicitudo.
900 1836 976 1929 Ego
1004 1842 1070 1907 iem
1091 1854 1188 1935 nont
1391 1843 1779 1925 leonumlonum
1800 1862 1866 1908 ooo
1886 1845 2032 1924 telrpisre
2045 1845 2122 1927 fuit

173 1950 316 2018 possum
336 1950 405 1995 non
438 1947 518 1994 csse
545 1925 712 1994 sollicitus
744 1929 787 1993 de
818 1927 956 2013 penuria
987 1922 1160 1992 frumenti:
1210 1923 1467 1991 Innumerabilia
1488 1936 1583 2006 sunt,
1616 1947 1703 2013 quae
1730 1926 1882 1996 homines
1909 1942 2053 2013 peccant
2075 1948 2137 2014 spe
2159 1939 2195 1995 et

173 2017 308 2097 videlic,
332 2026 455 2100 quante
477 2015 521 2080 sit
542 2014 665 2081 caritas
686 2014 751 2079 iem
772 2024 852 2098 post
872 2032 1028 2079 messem.
1073 2012 1161 2085 Quid
1183 1972 1188 2039 Ι
1211 2023 1301 2077 metu
1334 2009 1518 2079 futurarum
1550 2033 1683 2093 rerum,
1716 2035 1803 2117 quae
1826 2036 1893 2081 nun
1918 2037 1994 2082 uem
2027 2018 2195 2097 accidunt,

173 2102 233 2170 fiet
256 2104 298 2169 de
320 2101 462 2191 hyeme‘l
516 2096 758 2167 Peterlamssies
790 2101 891 2184 igitur
922 2120 991 2165 non
1018 2109 1162 2185 possunt
1212 2094 1343 2183 Aliquis
1365 2112 1477 2163 movet
1501 2096 1635 2179 bellurn,
1654 2113 1769 2183 eperat
1791 2102 1855 2165 sibi
1878 2037 2037 2167 abuturos
2054 2105 2196 2182 amieos,

173 2210 242 2257 non
265 2188 344 2255 esse
365 2186 518 2265 solliciti,
553 2187 616 2251 sed
637 2198 749 2253 temen
769 2186 854 2251 fides
887 2186 987 2252 debet
1014 2182 1161 2251 vincere.
1212 2203 1281 2249 non
1302 2184 1351 2248 fit.
1394 2181 1491 2250 Alius
1513 2205 1553 2252 se
1575 2187 1724 2273 adiungit
1745 2187 1870 2253 homini
1893 2201 1998 2269 certo,
2030 2201 2119 2254 ιιιειιι
2140 2185 2196 2254 vel

173 2275 293 2343 Debeo
316 2288 431 2360 petere
452 2294 474 2339 a
495 2271 584 2353 Deo,
616 2285 650 2338 et
682 2283 862 2358 expectere
889 2271 1056 2338 auxilium.
1100 2269 1161 2337 Sic
1213 2290 1275 2356 spe
1296 2266 1414 2337 futuri:
1447 2271 1498 2338 Ee
1525 2275 1643 2354 ceretii
1674 2275 1874 2340 cecinisti.
1929 2271 2021 2360 Ergo
2044 2277 2078 2339 in
2100 2293 2195 2358 pree·

174 2364 218 2429 de
239 2362 327 2440 aliis,
359 2381 427 2429 roos
460 2362 565 2427 eioem
596 2365 773 2441 oooeieoeo
806 2365 858 2426 lot.
901 2358 968 2431 Qui
986 2366 1163 2447 aegrotent
1212 2357 1322 2422 sentia
1344 2358 1444 2422 debet
1465 2359 1606 2444 quisque
1629 2355 1761 2438 secere,
1794 2361 1884 2446 quod
1905 2359 2032 2426 rectum
2055 2375 2124 2439 cst,
2158 2379 2196 2427 so

172 2446 381 2537 periculose,
415 2467 484 2513 non
505 2446 636 2531 poliunt
668 2466 737 2511 non
758 2464 838 2511 esse
870 2442 1018 2524 solliciti,
1051 2454 1160 2510 temen
1211 2447 1315 2511 :mitet
1333 2443 1367 2508 in
1389 2443 1535 2510 Pindaro
1557 2444 1601 2509 de
1622 2444 1785 2511 Hierone:
1812 2445 1848 2509 td
1864 2456 2084 2534 παρακείμενον
2099 2451 2196 2512 litero

173 2538 298 2602 debent
320 2546 445 2620 petere,
468 2544 502 2598 et
525 2541 704 2616 expectere
726 2553 746 2596 a
768 2530 844 2597 Deo
865 2530 1023 2597 auxilium
1050 2541 1084 2595 et
1105 2530 1161 2596 de·
1212 2537 1347 2619 φρονεῖνι
1369 2531 1441 2597 Scit
1453 2532 1643 2614 praecentio
1663 2541 1751 2598 recle
1772 2534 1925 2599 iudicare.

172 2622 255 2688 bent
276 2623 382 2701 scire,
416 2618 508 2706 quod
540 2619 641 2685 etiarn
671 2619 814 2693 debeant
830 2614 916 2685 ·Deo
939 2617 1161 2684 obedientiam
1297 2615 1375 2681 Non
1391 2617 1579 2683 abducatur
1601 2616 1753 2704 eliquisa
1769 2622 1960 2698 vocatione,
1981 2617 2038 2686 vel
2060 2641 2080 2684 a
2103 2628 2197 2685 recto

172 2707 209 2776 ie
229 2710 295 2773 isto
312 2708 443 2774 morbo.
1210 2699 1364 2783 consilio,
1382 2700 1483 2769 stulte
1504 2724 1579 2789 spe,
1601 2702 1658 2779 vel
1680 2715 1780 2785 metu,
1801 2726 1912 2793 neque
1939 2705 2039 2772 etiarn
2061 2703 2195 2793 frange·
2221 2742 2234 2767 t

261 2792 319 2859 Sic
340 2813 424 2880 ergo
446 2791 646 2859 brevissime
667 2786 859 2875 respondeo
870 2789 913 2855 ed
929 2799 1160 2876 argumentum
1210 2799 1266 2857 tur
1287 2787 1459 2859 doloribus
1514 2802 1628 2875 ruptor
1653 2794 1845 2877 praesentia
1866 2790 1966 2859 mala.
2011 2791 2062 2857 uu
2085 2793 2191 2858 debes

173 2883 216 2948 de
238 2878 479 2947 sollicitudine:
513 2877 734 2962 Praeceptum
769 2874 897 2964 obliget
927 2876 972 2944 ad
1003 2877 1089 2957 boc,
1122 2885 1160 2943 ut
1209 2873 1330 2943 luctari
1351 2897 1427 2944 cum
1448 2813 1631 2959 doferibus,
1659 2878 1789 2966 erigere
1811 2890 1844 2945 te
1865 2878 1932 2944 fide
1953 2880 1987 2943 in
2008 2875 2093 2944 Filio
2115 2876 2194 2958 Dei,

172 2968 287 3036 vincat
307 2966 406 3046 tides,
432 2985 501 3033 non
532 2974 570 3030 ut
595 2967 709 3031 vincet
740 2962 950 3032 sollicitudo:
983 2960 1054 3043 Sic,
1086 2966 1159 3030 lton
1210 2973 1360 3030 statuere
1381 2974 1416 3030 te
1437 2983 1516 3030 esse
1537 2961 1588 3030 illi
1606 2985 1718 3046 curae,
1739 2967 1848 3050 ipsum
1870 2968 1990 3032 sedere
2012 2966 2056 3031 ed
2074 2967 2195 3052 guber·

173 3061 281 3122 moleto
303 3075 367 3137 ece,
384 3064 449 3119 etc.
505 3051 582 3117 Non
599 3047 764 3137 possibile
788 3059 841 3117 est
862 3069 942 3116 esse
963 3050 1036 3115 sine
1057 3061 1158 3116 metu.
1209 3047 1348 3117 nacula:
1381 3048 1419 3114 ln
1451 3051 1518 3117 ista
1549 3071 1630 3117 arca
1652 3071 1730 3119 esse
1757 3065 1982 3137 protectorem
2015 3063 2049 3118 et
2081 3052 2196 3118 delen·

171 3141 242 3207 Aut
271 3152 323 3206 εει
353 3140 504 3220 insania,
535 3157 616 3205 esse
648 3140 723 3204 sine
755 3138 845 3204 omni
876 3146 982 3217 metu,
1015 3146 1073 3203 ant
1106 3146 1160 3203 est
1209 3154 1333 3204 sorem.
1377 3135 1520 3224 Semper
1539 3137 1631 3204 alluit
1652 3140 1768 3224 generi
1794 3139 1940 3205 bumeno
1959 3139 2057 3222 λόγος,
2089 3138 2197 3226 inquit

172 3226 455 3293 excellentissima
475 3221 652 3313 perfectio,
687 3244 774 3310 quae
806 3236 919 3289 temen
950 3233 1096 3288 nonest
1124 3224 1159 3289 in
1210 3223 1386 3306 irenaeos3
1409 3244 1542 3309 semper
1563 3220 1625 3291 fuit
1647 3237 1763 3292 custos
1785 3224 1973 3305 Ecclesiae,
2007 3227 2197 3310 sicutipse

171 3312 315 3380 bomine.
360 3312 470 3379 Homo
493 3332 661 3398 nunquam
685 3322 737 3376 est
770 3309 843 3375 sine
870 3307 984 3395 eliqua
1013 3310 1158 3394 trepide·
1210 3309 1289 3376 dicit
1309 3315 1410 3378 Nemo
1431 3314 1541 3396 rapiet
1556 3332 1631 3380 coes
1651 3332 1742 3379 meae
1760 3333 1800 3378 eo
1821 3315 1971 3379 menidam
1991 3315 2082 3380 eorem.
2116 3311 2198 3393 istis

172 3401 283 3476 tione:
299 3396 424 3485 alioqui
445 3420 515 3464 non
532 3408 626 3465 esset
647 3395 758 3463 homo.
794 3393 890 3462 Deus
913 3392 985 3462 vult
1005 3415 1069 3462 nos
1091 3395 1158 3460 fide
1210 3396 1496 3463 consolationibus
1519 3400 1686 3484 erigamus
1709 3421 1774 3465 nos
1801 3399 1890 3466 inter
1917 3398 2003 3465 baec
2033 3396 2195 3483 pericula,

101 3521 105 3543 ι
172 3488 322 3566 vincere,
354 3484 428 3550 vult
459 3505 524 3551 nos
545 3503 736 3572 agnoscere
758 3484 831 3548 eius
852 3484 1091 3568 praesentiam,
1124 3492 1158 3549 et
1209 3495 1243 3549 et
1264 3495 1391 3549 stemus
1412 3485 1447 3549 in
1466 3482 1525 3550 illa
1546 3505 1648 3571 rupe,
1682 3485 1829 3566 Christo,
1863 3496 2081 3571 expectemus
2104 3486 2194 3551 auxi·

172 3573 329 3637 virtutem
367 3572 400 3635 in
437 3583 556 3637 nostra
595 3567 795 3634 infirmitate.
868 3572 963 3634 Weon
996 3572 1048 3634 ioli
1080 3573 1158 3635 Icelo
1208 3566 1288 3635 lium
1309 3568 1383 3635 Dei.
1426 3575 1546 3639 Beboll
1559 3574 1614 3639 die
1635 3571 1657 3637 5
1678 3570 1849 3659 Regulos,
1879 3593 1917 3639 ro
1938 3575 2018 3639 lonc
2042 3573 2097 3637 ilir
2115 3574 2196 3638 eracl

171 3661 366 3750 sctwocdcit
377 3661 493 3740 secieto,
514 3676 583 3722 non
604 3674 824 3741 agnoscerem
845 3656 1069 3740 praesentiam
1091 3654 1157 3721 Dei
1203 3652 1278 3738 fcio
1298 3658 1420 3723 dorcic
1441 3657 1585 3727 ricbteo:
1613 3659 1692 3745 quie
1720 3660 1764 3724 ed
1787 3659 1871 3724 duas
1893 3656 2027 3727 ultimas
2049 3659 2195 3744 pertinet

172 3755 206 3811 ει
228 3740 507 3810 consolationem:
529 3746 603 3810 Nun
618 3746 730 3825 tempi
744 3744 824 3807 oder
845 3743 906 3807 der
926 3744 1024 3810 daero:
1046 3753 1157 3807 tamen
1208 3741 1293 3812 baec
1315 3745 1444 3812 concie.

172 3829 299 3915 aliquid
319 3831 511 3915 patiendum
533 3841 598 3909 est,
629 3830 674 3894 clo
690 3835 764 3910 sapt
788 3828 953 3894 corona:
985 3832 1057 3896 Nou
1083 3830 1158 3896 sote

171 3917 303 3984 solliciti
322 3920 364 3983 rie
381 3923 544 3983 mesonc:
564 3915 729 3981 mosbour
739 3917 811 3981 dies
826 3921 892 3981 erit
904 3915 968 3982 alti
984 3916 1158 3985 saltetur:

171 4003 207 4072 id
229 4014 293 4081 est,
317 4022 384 4067 non
408 4000 576 4068 cumulate
597 4003 695 4068 vobis
717 4001 879 4070 miserias.

259 4086 398 4154 Plautus
419 4098 507 4171 root:
529 4093 641 4159 Bonae
661 4094 791 4154 coimus
816 4095 852 4154 lo
874 4108 914 4156 re
933 4091 1037 4168 molo,
1063 4089 1158 4155 dioil-

172 4179 261 4245 dlom
283 4183 333 4243 eet
354 4181 439 4242 maii
493 4177 580 4242 lber
601 4195 640 4241 er
666 4177 760 4241 redet
785 4177 889 4241 dooon
906 4179 958 4240 ele
978 4182 1033 4241 etc
1061 4184 1158 4258 puter
1293 4173 1340 4235 Es
1360 4173 1440 4238 beist
1468 4176 1565 4260 copia
1590 4171 1646 4240 vel
1673 4174 1817 4241 divitiae.
1863 4173 2010 4254 Quaero,
2031 4195 2074 4239 an
2096 4171 2196 4241 liceat

171 4265 387 4331 mcotruoer:
416 4263 519 4328 Wena
537 4262 630 4328 einer
646 4267 742 4328 morer
760 4271 859 4347 puteo
877 4264 968 4328 moll
983 4263 1050 4340 ool,
1073 4264 1160 4329 :circi
1208 4281 1371 4347 quaerere
1393 4261 1546 4328 divitias?
1578 4259 1683 4327 Licet.
1707 4260 1848 4326 Contra:
1880 4261 1955 4324 Nou
1973 4264 2112 4343 potestis
2132 4282 2195 4324 ser-

173 4354 239 4416 illm
260 4352 321 4416 dor
346 4352 486 4431 acolaci:
514 4352 604 4415 alell
621 4347 705 4415 ‚lclb
737 4367 774 4417 eo
805 4351 959 4415 eciweer.
1013 4347 1157 4428 Videtis,
1207 4350 1273 4411 aire
1294 4348 1388 4420 Deo,
1421 4356 1453 4411 et
1474 4349 1678 4410 llammoooe.
1722 4345 1949 4432 Respondeo,
1971 4350 2093 4415 debent
2115 4368 2195 4415 esse

196 4457 274 4501 uam
300 4433 437 4502 multum
470 4430 572 4500 saciat
605 4432 772 4500 firmitudo
805 4435 906 4500 enimi
937 4435 971 4498 in
1004 4455 1024 4499 e
1070 4446 1156 4500 roto.
1208 4436 1362 4501 ordinate
1383 4436 1466 4500 iste:
1484 4433 1593 4501 Deum
1615 4434 1720 4499 debes
1748 4431 1824 4519 plus
1854 4431 2013 4522 diligere,
2045 4432 2121 4520 plus
2154 4436 2194 4501 ti·

172 4455 315 4588 gontra:
356 4519 554 4588 Sollicitudo
588 4517 714 4607 frangit
744 4521 836 4586 vires
865 4520 995 4599 cordis,
1029 4521 1040 4584 i
1093 4532 1158 4601 est,
1207 4540 1310 4601 mere,
1321 4520 1399 4607 plus
1411 4524 1441 4587 ei
1460 4521 1638 4588 considere
1653 4541 1753 4672 fluam
1776 4520 1916 4607 diligere
1937 4520 2041 4588 ullam
2064 4532 2193 4586 creetu-

172 4609 308 4693 quando
342 4628 406 4674 nos
439 4608 671 4673 excruciemus
711 4619 829 4673 contre
860 4608 1050 4673 mandatum
1082 4606 1157 4673 Dei.
1208 4629 1295 4674 rem:
1310 4629 1408 4693 quam
1432 4608 1608 4674 considere
1630 4629 1652 4671 ιι
1679 4608 1897 4674 icreeturee.
1942 4609 2066 4674 Postea
2089 4609 2194 4673 debes

176 4697 322 4761 Tristitia
342 4696 459 4762 mooe
488 4700 666 4779 Mruinem,
692 4703 727 4760 el
749 4711 815 4760 noo
840 4704 892 4762 eet
907 4695 1029 4760 olims
1050 4701 1085 4760 io
1106 4714 1156 4760 eo.
1208 4714 1369 4782 quaerere
1391 4695 1522 4761 divitias
1544 4713 1607 4760 suo
1630 4691 1719 4767 loco,
1737 4707 1817 4780 post
1827 4696 1952 4762 Deum:
1972 4697 2074 4761 debes
2093 4714 2194 4778 quae·

171 4779 245 4846 Nos
268 4782 427 4847 debemus
438 4780 515 4848 Deo
534 4782 670 4848 obedire
685 4781 719 4844 in
735 4780 891 4860 misertis,
912 4782 1003 4846 iuxta
1019 4781 1157 4847 dictum:
1180 4712 1186 4883 Ι
1207 4802 1283 4847 rere
1306 4782 1430 4848 victum
1451 4800 1514 4848 suo
1537 4778 1628 4860 loco,
1650 4792 1729 4867 post
1752 4780 1878 4848 Deum:
1901 4781 1959 4847 Sic
1981 4783 2070 4848 bona
2090 4780 2193 4862 fame,

172 4869 397 4935 montmerla:
415 4872 475 4935 otto
490 4874 616 4952 potenti
634 4885 733 4935 motio
753 4870 827 4935 Del·
870 4866 932 4946 Et,
958 4887 1027 4932 non
1057 4869 1157 4934 debe·
1209 4878 1242 4934 et
1265 4869 1374 4933 omnia
1406 4870 1584 4935 commoda
1616 4887 1679 4933 suo
1701 4864 1780 4933 loco
1803 4880 1882 4952 post
1914 4867 2048 4948 Deum,
2081 4868 2129 4935 lte
2155 4880 2194 4937 ut

171 4973 248 5019 mus
281 4951 449 5021 cumulare
481 4955 634 5021 miserias
673 4950 878 5040 indulgendo
916 4954 1069 5021 tristitiae
1102 4951 1158 5021 vel
1207 4974 1276 5021 non
1297 4951 1404 5021 facias
1425 4966 1542 5020 contre
1560 4955 1750 5020 mandatum
1772 4955 1929 5035 divinum,
1952 4966 1987 5021 et
2007 4976 2077 5020 non
2099 4942 2193 5022 abrit·

173 5039 376 5122 dubitando,
403 5037 462 5108 vel
484 5040 671 5110 obiiciendo
703 5038 822 5119 fidem,
854 5044 980 5109 dorcon
1009 5050 1087 5124 root
1103 5044 1158 5110 lle
1207 5054 1261 5108 tes
1294 5040 1404 5109 fidem.
1459 5041 1599 5105 Dormit
1632 5041 1731 5103 :tebet
1762 5041 1813 5103 liic
1845 5041 1906 5104 dns
1931 5050 2029 5106 cort:
2066 5043 2195 5107 Socim

175 5127 335 5195 Cirtam
371 5142 376 5157 ·
1206 5127 1278 5193 Dec
1300 5127 1551 5193 elMcmerouce:
1574 5128 1665 5219 quod
1688 5127 2037 5216 designet,lilemmon
2059 5130 2194 5197 nonsit

1383 4023 1494 4130 Quid
1525 4025 1726 4138 siguificat
1756 4026 2024 4111 Mammeos?
2118 4084 2124 4095 -
