4620 5588
136 197 202 273 ιιι
830 188 1054 289 eosruna
1074 188 1512 261 nauanrnontunnr
1606 134 1610 141 ¹
2027 166 2032 171 ’
2088 192 2165 265 cn

136 393 271 460 catione
291 392 327 456 in
347 383 598 454 afflictionibus.
642 380 798 452 Christus
813 402 882 450 uon
899 379 1123 471 liberatllpo·
1172 382 1421 471 impugnantur.
1466 382 1669 463 sicutenim
1691 395 1812 451 ventus
1833 386 1952 451 turbat
1967 395 2106 452 marest
2127 386 2163 454 Ιιι

135 476 248 546 stolus
269 496 291 543 a
312 485 531 562 tempestate,
564 471 628 538 nisi
650 473 744 558 prius
776 492 854 538 eum
882 471 1123 537 invocaverint.
1174 488 1216 537 au
1237 481 1455 556 tempestates
1486 473 1624 537 excitate
1657 473 1703 536 ita
1735 468 1903 538 Diabolus
1936 472 2095 538 mundum
2129 483 2164 540 et

136 564 215 634 tloa
235 559 389 649 exemplo
413 573 555 626 testatur
573 578 613 626 ss
633 579 656 625 a
688 559 788 623 nobis
821 559 992 645 requirere
1023 557 1124 623 istum
1173 558 1293 642 impios
1314 557 1429 623 incitat
1451 559 1495 647 ad
1518 559 1798 643 persecutionem,
1820 569 1853 624 et
1874 559 2063 625 nocendum
2086 559 2161 645 piis.

136 648 264 718 cultum
285 650 319 715 iu
352 645 601 726 afflictionibus,
622 656 658 712 ιιι
680 645 754 710 adi
780 665 856 710 sum
875 643 1125 732 confugiamus,
1173 642 1253 710 ideo
1271 644 1368 709 mittit
1388 662 1471 711 suos
1493 642 1596 711 flatus
1617 646 1651 710 iu
1672 643 1824 710 homines
1858 647 1965 711 vario:
2000 643 2080 711 hinc
2110 644 2161 726 tit,

83 792 86 797 .
138 749 174 806 at
207 747 360 824 petamus
388 736 432 801 ab
467 753 510 800 eo
541 729 710 800 auxilium.
757 667 908 820 ldeoqua
929 732 1137 819 priusquam,
1174 739 1211 796 ut
1233 727 1288 795 alii
1310 741 1426 815 aperta
1448 730 1481 796 vi
1504 734 1698 819 impugnent
1717 729 1919 810 Ecclesiam,
1941 732 1996 818 qui
2026 732 2162 819 tyranni
2211 736 2220 747 “

137 843 200 892 eos
222 822 355 895 liberat,
376 820 486 907 arguit
507 820 656 906 ipsorum
673 816 956 899 incredulitatem,
978 830 1012 883 et
1032 818 1125 883 iubet
1174 817 1395 883 nominantur.
1440 815 1506 884 Alii
1530 839 1614 884 vero
1632 830 1808 902 praetextu
1835 819 1968 905 pietatis
1997 824 2163 887 conantur

138 929 202 977 eos
223 930 291 976 uon
313 909 495 995 desperare
522 909 556 971 in
587 905 743 974 adversis
775 907 892 972 rebus:
921 903 995 973 vult
1025 905 1126 991 igitur
1148 915 1329 998 ¹evertere
1359 905 1567 984 doctrinam,
1600 917 1635 970 et
1666 902 1773 971 falsus
1806 903 1968 971 haereses
2002 907 2160 972 excitare.

140 996 292 1064 invocari
312 995 347 1062 in
368 993 619 1073 afflictionibus,
637 1002 669 1059 et
690 1004 772 1058 tune
792 1011 856 1058 nos
878 991 1013 1059 exaudit
1034 1002 1068 1055 et
1088 987 1126 1058 li·
1175 988 1249 1055 llae
1272 1002 1351 1056 sunt
1367 991 1507 1056 virtutes
1530 988 1687 1065 Diaboli,
1716 1011 1793 1058 curu
1815 993 1936 1077 quibus
1959 1002 2013 1057 est
2033 993 2067 1058 ln
2089 991 2162 1057 suis

107 1087 109 1091 ·
137 1083 245 1152 mma,
1175 1079 1345 1155 memhris,
1368 1076 1525 1144 videlicet
1547 1075 1760 1144 homicidium
1783 1088 1816 1143 ct
1839 1079 2069 1158 mendacium,
2098 1076 2162 1144 aad

227 1165 413 1243 Quartus
436 1163 555 1233 locus
578 1175 632 1232 est
652 1161 841 1252 exemplum
862 1163 963 1245 fidei,
996 1176 1032 1231 at
1058 1159 1127 1230 i'ru·
1176 1163 1211 1226 iu
1232 1162 1287 1228 his
1310 1159 1554 1229 calamitatibus
1576 1175 1609 1231 et
1637 1175 1730 1230 tanto
1758 1183 1896 1230 numero
1923 1164 2070 1230 hostium
2102 1184 2162 1269 op·

138 1267 215 1325 ctus
238 1256 321 1321 eius.
365 1252 525 1320 Homines
547 1254 607 1320 ubi
626 1253 770 1339 primum
791 1252 989 1318 audiverunt
1005 1251 1126 1316 doccn·
1177 1249 1395 1337 pugnantium
1416 1248 1626 1324 Ecclesiam,
1660 1249 1816 1317 Christus
1844 1263 1899 1316 est
1930 1252 2105 1316 nobiscum
2126 1268 2161 1315 ιιι

137 1339 444 1422 ιοιιιΟΙιιὶειιιιιι,υ
464 1340 573 1407 estin
593 1339 810 1425 praecedenti
830 1335 1126 1422 historia,etpost·
1176 1336 1267 1416 navi,
1281 1356 1368 1422 quae
1379 1348 1517 1423 propter
1537 1338 1647 1425 ipsum
1668 1356 1736 1403 non
1758 1339 1894 1403 submer
1918 1349 1964 1418 et,
1974 1338 2008 1402 id
2030 1347 2094 1417 est,
2115 1334 2162 1421 pii

136 1447 178 1496 ee
212 1428 242 1491 si
271 1427 309 1492 fit
330 1424 537 1503 titiunculum,
570 1435 761 1514 agnoscunt
782 1444 880 1505 cum,
915 1437 948 1491 et
979 1421 1126 1490 fatentur
1177 1434 1398 1489 servantura
1431 1423 1507 1490 Deo
1539 1434 1677 1511 propter
1713 1422 1810 1488 fidem
1843 1425 1876 1488 in
1930 1424 2082 1504 hristum,
2103 1420 2161 1509 qul
2260 1427 2264 1435 ’

136 1533 211 1582 eum
237 1535 316 1580 vcro
337 1513 445 1579 Deum
463 1532 553 1596 essu,
575 1532 679 1600 quare
700 1532 764 1579 nos
799 1530 933 1599 quoque
962 1512 1124 1578 dehemus
1176 1528 1241 1576 nos
1263 1509 1402 1575 redemit
1421 1530 1444 1576 a
1464 1520 1635 1596 potestate
1645 1508 1782 1578 Diaboli
1799 1512 1930 1588 mundi,
1953 1524 1985 1576 et
2007 1510 2160 1575 omnibus

135 1602 344 1687 coniungere
366 1600 553 1666 doctrinam
573 1601 668 1666 verbi
690 1619 765 1667 oum
786 1595 961 1679 miraculo,
972 1609 1006 1665 et
1023 1599 1125 1680 scire,
1177 1593 1432 1663 calamitatibus.
1476 1596 1571 1664 Sicut
1593 1598 1693 1686 igitur
1708 1594 1777 1663 hoc
1798 1594 1877 1663 loco
1889 1596 2045 1663 cbristus
2067 1612 2162 1662 mura

136 1687 229 1774 quod
250 1685 411 1752 miracula
445 1687 544 1752 nobis
588 1685 834 1764 exhibeantur,
865 1697 902 1752 ut
944 1685 1124 1751 credamus
1176 1693 1287 1767 pacat,
1309 1695 1342 1748 et
1363 1682 1398 1748 in
1415 1680 1597 1770 tranquillo
1619 1695 1674 1751 est
1693 1684 1807 1750 navis:
1829 1684 1878 1750 ita
1898 1702 2016 1749 omnes
2038 1682 2082 1768 pii
2105 1682 2161 1749 de·

136 1775 255 1839 verbo.
298 1772 376 1838 Non
404 1773 507 1861 igitur
538 1772 662 1840 debent
693 1773 780 1838 haec
809 1773 875 1838 duo
897 1767 1022 1851 divelli,
1069 1772 1124 1837 uia
1177 1770 1257 1835 bent
1278 1781 1458 1855 expectare
1478 1767 1638 1839 auxilium
1660 1782 1694 1838 et
1713 1767 1946 1836 liberationem
1959 1771 2103 1836 divinam
2125 1768 2161 1835 in

12 1866 18 1872 '
136 1855 305 1926 Diabolus
325 1869 437 1947 potest
459 1860 559 1926 etiam
592 1856 752 1926 exhihere
786 1854 970 1938 miracula,
1002 1857 1059 2008 spui
1084 1876 1125 1924 us
1175 1853 1229 1921 his
1252 1853 1509 1937 calamitatibus,
1531 1877 1619 1943 quae
1636 1869 1674 1924 ut
1697 1876 1965 1942 consequamur,
1998 1856 2161 1923 debemus

135 1948 279 2012 seducat
300 1943 473 2017 homines,
506 1946 567 2011 sed
603 1945 778 2012 sciendum
810 1954 863 2011 est
884 1945 1012 2010 miracu
1026 1965 1048 2010 a
1070 1964 1124 2011 va·
1175 1943 1335 2008 invocare
1345 1941 1467 2022 Deum,
1479 1956 1513 2009 et
1534 1944 1566 2009 ei
1587 1955 1739 2010 nostram
1760 1941 1903 2009 salutern
1926 1942 2162 2008 commendare

135 2028 209 2097 iere
241 2045 380 2119 propter
411 2033 551 2101 verbum
573 2031 648 2098 Dei.
699 2031 903 2122 Proponitpr
934 2031 1035 2097 etiam
1066 2027 1124 2096 hic
1176 2047 1253 2094 cum
1273 2047 1336 2115 spe
1358 2027 1510 2096 melioris
1531 2029 1696 2103 fortunae.
1745 2029 1795 2095 lta
1822 2028 1909 2096 haec
1933 2029 2076 2095 historia
2108 2038 2163 2093 est

135 2115 707 2271 pxempgpnpl,bqupdaliplorihcatip
735 2131 769 2183 et
791 2116 1124 2269 praelmetlivffi
1174 2112 1318 2267 plagens
1333 2115 1583 2269 tlmuposspmnis
1606 2117 1742 2205 genueris
1763 2114 2003 2195 alilictionum,
2036 2113 2160 2201 quibus

161 2223 225 2270 ene
280 2226 292 2269 ι
337 2224 421 2271 eea
510 2223 539 2269 rs
572 2224 726 2291 exempo
760 2223 881 2270 essea
928 2223 988 2290 pra
1035 2222 1124 2268 toan·
1197 2221 1333 2291 ppugna
1348 2223 1388 2270 ur
1434 2225 1454 2268 c
1489 2221 1568 2269 esra.

83 2357 87 2362 ,
134 2290 215 2356 dum
236 2288 379 2376 glorium
402 2290 479 2368 Dei,
499 2302 534 2356 et
555 2290 844 2375 omnipotentiam,
865 2308 966 2376 quern
987 2289 1124 2359 exhibet

133 2373 374 2442 nameus.
1304 2440 1450 2509 muru
1471 2439 1826 2510 emunctuosis
1847 2439 2033 2513 mutar.

322 2570 532 2686 Allegorltt
561 2571 682 2656 huius
712 2569 934 2686 Evangelii.
1424 2595 1695 2686 Evangelium
1715 2596 1855 2665 Lucae
1875 2596 1909 2665 Ι.

221 2717 330 2786 Porro
351 2720 580 2804 interpretatio
607 2716 814 2806 singularum
845 2722 987 2806 partium
1019 2719 1122 2786 histo·
1363 2734 1470 2815 (conf,
1496 2734 1572 2802 v01,
1593 2734 1715 2802 xxlv,
1738 2759 1769 2823 p,
1790 2735 1857 2804 337
1877 2737 1972 2824 ΜΝ)

133 2806 206 2874 riae
227 2802 418 2893 elegantem
438 2808 540 2873 hahet
550 2803 757 2893 allegoriam.
794 2807 936 2870 Christus
948 2808 1122 2888 estDcus,

135 2894 194 2980 qui
214 2896 313 2960 nobis
334 2894 481 2981 imponit
511 2891 736 2974 aiilictiones,
764 2894 814 2960 ita
835 2905 872 2960 ut
892 2896 967 2978 ipsa
987 2914 1055 2961 unu
1076 2894 1122 2960 sit
1259 2887 1385 2958 lliultae
1402 2902 1481 2959 suut
1501 2893 1654 2978 insignes
1676 2890 1837 2958 materiae
1859 2891 1893 2955 in
1921 2887 1976 2956 his
1998 2890 2160 2960 brevibus

133 2979 169 3045 ln
191 2982 282 3059 navi,
304 3001 372 3130 spino
395 2981 544 3046 ostendit
568 3000 633 3046 nos
655 2999 724 3046 non
750 2999 834 3046 casu
854 2977 970 3068 affligi.
1015 2980 1123 3043 Disci-
1173 2977 1304 3059 verbis,
1327 2999 1414 3065 quac
1436 2980 1467 3045 si
1488 3000 1552 3067 pro
1574 2979 1735 3066 dignitate
1756 2979 1956 3045 deberemus
1978 2975 2160 3062 explicare,

127 3065 204 3149 puli
224 3068 311 3154 signi
337 3077 415 3132 cant
436 3085 554 3133 omnes
571 3067 660 3153 pios,
699 3067 733 3132 ui
754 3068 859 3135 variis
880 3064 1122 3135 afflictionibus
1170 3084 1239 3131 non
1262 3061 1436 3132 suiticeret
1458 3077 1548 3132 totus
1581 3084 1704 3144 nntius,
1727 3065 1851 3131 nedum
1872 3084 1940 3129 una
1962 3063 2058 3132 horn.
2102 3064 2161 3132 Di·
2248 3099 2255 3115 ι

133 3163 169 3219 et
190 3149 436 3220 calamitatibus
458 3162 537 3218 sunt
559 3086 706 3219 obnoxil.
1173 3171 1289 3219 cemus
1311 3163 1422 3218 autem
1443 3153 1806 3239 propter-brevitatem
1839 3153 2000 3237 temporis
2032 3163 2159 3218 tuntum

221 3238 380 3303 Nouis-uic
403 3240 515 3304 marnis
536 3239 760 3305 inlinuitatem
781 3238 1069 3327 designantquae
1087 3241 1121 3305 in
1173 3239 1216 3304 de
1238 3238 1368 3305 duabus
1390 3235 1540 3325 iegibus,
1568 3260 1706 3326 quarum
1734 3239 1790 3305 hic
1812 3237 1849 3304 fit
1870 3239 2002 3303 mentio.
2047 3236 2161 3303 Prlme

133 3316 318 3388 eiilictione
344 3342 478 3409 semper
510 3323 553 3388 erl
582 3325 848 3409 desperationem
883 3337 1003 3414 urget,
1035 3329 1123 3392 sicut
1172 3321 1228 3392 lex
1245 3339 1311 3404 est,
1334 3325 1388 3386 lex
1404 3328 1659 3407 purificationi&
1680 3327 1833 3392 secunda
1859 3325 1913 3387 les
1929 3327 2159 3407 primopmito·

135 3405 275 3496 elcgans
297 3409 431 3493 pictura
454 3410 527 3475 eius
549 3411 599 3475 rei
621 3411 810 3475 continetur
831 3411 864 3474 in
885 3411 952 3477 hoc
970 3408 1064 3476 Euan
1090 3430 1121 3477 e·
1171 3430 1248 3472 ιιιιιι.

133 3489 194 3560 lio.
236 3494 343 3561 Navis
363 3493 432 3559 huc
453 3506 554 3582 atque
586 3491 667 3562 illuc
687 3492 849 3577 vacillat,
882 3507 915 3563 ct
948 3497 982 3561 in
1004 3432 1122 3563 merliis
1258 3496 1404 3563 Primum
1425 3506 1537 3563 autern
1559 3496 1712 3563 dicamus
1741 3497 1791 3564 de
1822 3492 1919 3582 lege
1951 3496 2159 3584 primoge-

133 3576 294 3648 iluctihus
316 3583 444 3647 incerta
466 3586 620 3668 vagatur,
641 3580 709 3648 hoc
731 3592 807 3664 est,
839 3582 1066 3650 conscientiae
1087 3583 1122 3648 in
1170 3582 1369 3662 ultorum,
1401 3584 1480 3668 quia
1508 3580 1611 3651 habet
1631 3601 1751 3670 parurn
1773 3584 1999 3650 obscuritatis.
2045 3583 2160 3647 oreta

133 3666 395 3735 adversitatibus
410 3666 610 3735 mirabiliter
641 3666 858 3751 afficiuntur,
889 3670 1003 3736 varias
1036 3667 1121 3737 aiiii·
1168 3671 1382 3752 prr'moyeoito
1404 3671 1570 3752 oportebat
1591 3671 1667 3733 dori
1687 3670 1927 3741 tacentibus,
1961 3669 2048 3736 sicut
2077 3672 2158 3738 scri·

134 3753 267 3819 ctiones
290 3756 438 3821 sentiunt
459 3754 505 3821 ad
526 3755 793 3842 desperationem
813 3754 1054 3842 impellentes,
1086 3767 1121 3822 et
1170 3767 1262 3842 ptum
1281 3767 1334 3823 est
1354 3755 1463 3823 Exodi
1486 3757 1536 3825 13.
1559 3767 1592 3824 et
1617 3757 1752 3823 Numer.
1777 3759 1829 3823 18.
1886 3756 2007 3822 Omnia
2034 3757 2157 3842 primo·
2249 3763 2252 3769 '

132 3835 170 3904 in
190 3838 257 3906 hac
278 3841 355 3907 navi
373 3840 495 3909 suntsi
519 3839 632 3923 ostoli,
648 3843 683 3908 id
705 3853 770 3920 est,
792 3840 838 3927 pli
860 3863 989 3923 omnes,
1011 3843 1121 3909 donec
1172 3843 1286 3928 genita
1306 3854 1376 3911 tutu
1398 3841 1578 3915 hominum,
1600 3854 1671 3910 tum
1693 3845 1880 3931 pecudum,
1912 3844 2013 3909 etiarn
2035 3844 2158 3912 aniuta·

134 3923 169 3989 ln
186 3926 253 3991 hac
276 3947 378 3995 carue
399 3863 639 4008 suntlaerent
661 3926 777 3994 inille
797 3927 989 3996 infirmitate
1010 3939 1045 3995 et
1064 3951 1121 3996 an·
1169 3927 1251 3996 lium
1270 3929 1531 4013 immundorum,
1552 3931 1615 3997 sed
1636 3926 1696 3996 illa
1721 3932 1971 3998 redimebantur
1997 3930 2156 4015 pecunia,

135 4011 274 4093 xletate,
296 4034 383 4099 quae
406 4013 636 4082 circumvallat
658 4034 720 4082 eos
742 4015 895 4082 adversis
916 4018 1031 4082 rebus.
1170 4017 1258 4082 sicut
1279 4026 1313 4080 et
1334 4015 1503 4083 hominurn
1555 4017 1752 4105 rimogcnita
1783 4019 2033 4084 redimebantur
2063 4018 2158 4104 quin·

160 4185 170 4204 ⁶
223 4101 315 4164 Marc
336 4100 503 4187 significat
524 4102 757 4187 mundumqut
779 4103 881 4169 variis
903 4103 1012 4169 modis
1033 4096 1120 4168 asili·
1169 4122 1236 4190 que
1257 4100 1362 4183 siclis,
1383 4039 1595 4187 anpcfehrllet
1614 4111 1640 4171 3
1662 4102 1753 4167 tuter.
1799 4101 1913 4170 Siclus
1944 4103 2032 4169 enlm
2065 4100 2156 4171 vala·
2231 4189 2234 4194 A

136 4190 294 4293 grtpios,
315 4191 405 4255 etin
435 4188 504 4254 hoa
538 4189 621 4294 nupti
653 4189 849 4294 necessario
882 4186 1062 4294 volvuntur
1085 4200 1120 4296 et
1142 4236 1147 4291 ;
1170 4191 1228 4256 bat
1249 4187 1451 4295 ddrachmis
1473 4191 1686 4297 urgentiam
1706 4190 1818 4254 balden
1839 4190 1931 4256 tolet.
1976 4187 2156 4297 lamquae·

135 4272 1120 4467 legitimitate,bittttttditttt
1142 4335 1147 4411 ι
1168 4274 1675 4451 ΙΙὲΙΙιιέἒΙζῗΙιὲὲἕ”ιιῖῗ
1688 4274 2175 4451 ,tit‘bttibtbiit‘t

90 4490 96 4496 -
134 4455 288 4593 pereat.
326 4447 438 4599 mdo
452 4438 690 4600 lnplffielmplm
704 4445 877 4553 l'hilippr.)
999 4536 1023 4603 h
1167 4447 1468 4602 pulcherrimorulpr
1500 4452 1623 4518 rituum
1655 4470 1739 4537 prae
1772 4453 1928 4518 omnibus
1962 4447 2088 4555 politiis
2119 4451 2155 4517 in

149 4615 159 4636 ι
270 4554 325 4596 oca
409 4555 498 4624 srgnr
524 4557 587 4604 can
648 4553 777 4600 omines
799 4548 973 4624 tyrannos,
1025 4553 1118 4603 aera·
1168 4547 1240 4609 toto
1271 4556 1399 4623 genere,
1452 4556 1586 4604 unmuo.
1632 4532 1746 4610 Quare
1779 4539 1866 4605 bene
1899 4536 2154 4603 consideremus

134 4624 233 4696 boos,
254 4628 289 4684 et
310 4641 426 4688 omnes
449 4621 689 4730 aliosuimpios,
711 4621 767 4726 qui
789 4635 869 4729 sunt
891 4623 1039 4691 urerubra
1056 4621 1117 4729 hu·
1168 4643 1323 4730 caussas,
1343 4622 1558 4731 quareDeus
1579 4625 1691 4690 omnia
1709 4636 1776 4691 tarn
1798 4627 1960 4694 decenter
1981 4634 2015 4691 et
2036 4623 2154 4690 ordine

132 4700 400 4860 ffiffl’ff,
431 4711 567 4864 “niglu
589 4705 956 4865 ptusvgppbpppfflffipo
973 4707 1118 4865 li‘pplne‘lrtpp
1139 4736 1144 4792 1
1167 4731 1202 4777 m
1224 4711 1497 4864 eaPll'lltllnalrlrrtietm
1518 4807 1553 4865 et
1596 4793 1767 4883 rinclpaiis
1789 4752 1913 4865 caussa
1985 4814 2067 4862 utre
2094 4792 2154 4865 ills

131 4875 167 4943 ln
224 4812 421 4951 gverberant.
480 4868 491 4885 ’
550 4841 562 4877 ’
1167 4882 1223 4950 lex
1241 4884 1283 4951 da
1304 4884 1534 4970 primogenitis
1556 4818 1602 4951 cll
1622 4884 1785 4963 instituta,
1804 4882 1890 4951 haec
1918 4816 1996 4949 luillt
2028 4893 2065 4950 ut
2091 4902 2154 4969 per

224 4963 341 5029 rama.
360 4986 429 5034 non
449 4969 660 5037 incommoda
679 4969 791 5055 ipsum
811 4968 994 5038 Diabolum
1015 4972 1117 5057 signi·
1167 4973 1267 5039 istum
1288 4972 1388 5039 ritum
1409 4972 1562 5038 homines
1584 4969 1880 5037 commoneherent
1907 4969 1951 5036 de
1980 4969 2153 5038 servitute.

33 5032 36 5038 ¹
71 5092 76 5097 -
130 5045 354 5138 bonaqutost
370 5058 660 5123 caussa-omnium
682 5057 955 5141 persecutionum
976 5068 1009 5125 et
1029 5056 1116 5126 atflt·
1166 5055 1268 5124 'iales
1297 5058 1381 5124 ritus
1410 5056 1521 5124 adhuc
1542 5067 1721 5124 servantur
1753 5059 1786 5124 iu
1808 5052 2023 5143 Wastpbalin
2050 5067 2085 5124 et
2117 5055 2153 5123 ln
2279 5113 2281 5117 .

132 5138 294 5223 σιΙιιιιιιι,
313 5150 349 5207 et
367 5143 479 5208 omnis
497 5145 635 5232 panaris
655 5140 902 5228 oelanimtum,
926 5146 1048 5234 quibus
1069 5145 1116 5235 pii
1166 5141 1335 5235 aliquibus
1355 5147 1508 5233 pertibus
1528 5143 1694 5227 Suetius,
1710 5144 1747 5212 in
1766 5145 1891 5232 quibus
1922 5144 2050 5215 auum
2070 5158 2153 5211 sats

286 5262 697 5324 annumeramus.
1785 5260 1828 5322 ⁸1
