4620 5588
166 220 233 289 im
783 278 790 291 ,
859 218 1079 287 Postula
1096 219 1497 289 ttumuuuomnua
2119 228 2192 299 w

167 413 273 478 bonae
307 422 341 478 ει
371 408 430 476 ille
452 414 538 478 bene
560 411 653 476 dicit:
687 410 761 495 Apo
792 409 854 476 tibi
879 412 1031 496 pretim,
1064 412 1152 495 quod
1202 413 1237 476 in
1270 431 1311 477 eo
1341 409 1439 477 dolor
1467 412 1511 477 de
1542 413 1713 497 agnitione
1744 415 1888 496 peccati.
1920 413 1961 478 lt.
1984 436 2053 482 non
2085 414 2188 485 babet

166 515 231 564 nme
251 516 321 563 sura
342 499 426 562 εἰαιι
448 496 573 563 caeteri
591 496 751 576 lomina,
781 507 834 561 est
854 494 1015 563 naturalis
1038 507 1071 562 ει
1091 495 1152 563 ho·
1202 494 1293 563 illam
1311 496 1429 578 fidem,
1458 501 1500 563 de
1524 519 1593 584 qua
1614 495 1711 582 plura
1728 501 1879 565 dicemus
1900 501 1934 565 in
1956 505 2188 587 sequentibus.
2267 539 2272 555 κ

166 595 264 651 nesta
286 605 366 661 vax,
382 595 419 650 ut
439 585 470 648 si
492 584 618 649 diceret
639 579 823 648 Hercules:
902 583 992 649 otibi
1010 584 1150 670 gratias,
1203 583 1289 649 Sunt
1311 585 1345 649 in
1363 605 1404 649 eo
1423 582 1548 649 multae
1569 606 1621 649 rna
1648 605 1712 651 uae
1746 587 1981 659 dubitationes,
2015 589 2056 653 de
2078 590 2190 674 provi·

144 722 147 729 .
191 671 259 735 uod
276 671 354 735 mibi
378 668 444 735 tale
466 671 570 736 robur
592 668 729 748 dedisti,
762 670 850 735 sicut
900 667 1031 736 clamen
1054 671 1150 735 etiam
1203 670 1326 750 dantia,
1355 671 1397 737 de
1430 667 1601 737 voluntate
1668 673 1698 736 ei
1728 692 1809 758 erga
1831 672 1956 756 ipsum:
1989 676 2123 741 suntin
2144 689 2188 745 ιιι

167 692 247 822 licit
269 754 432 824 adfilium:
453 759 542 821 Deras
564 755 656 821 dabit
676 757 865 833 victoriam
884 764 919 822 tu
939 757 1026 835 cide,
1047 764 1083 821 ut
1103 757 1151 822 ais
1202 753 1327 823 multae
1359 758 1500 823 vitiosae
1529 754 1726 842 cupiditates
1754 770 1788 822 et
1820 759 1975 824 incendia
2007 781 2188 845 pravorum
2247 752 2258 767 ‘

166 843 339 908 modestus.
408 843 488 907 ltem
522 840 643 908 Peleus
677 841 721 906 ed
755 840 935 910 Achillem:
975 841 1151 910 Victa-iam
1202 841 1398 918 allectuum3
1427 862 1496 909 non
1520 844 1626 922 videt,
1653 864 1721 909 non
1737 845 1894 929 agnoscit
1925 864 2005 910 esse
2037 858 2189 930 peccata,

167 929 241 995 Deo
259 930 470 1007 cmrrmendes,
497 937 534 994 tu
554 930 647 1008 cide,
677 939 714 995 ut
733 931 911 995 modereris
931 930 1150 995 irammdiam.
1204 930 1291 993 sicut
1323 930 1357 993 in
1384 931 1481 994 rrobis
1510 942 1644 995 trraneui
1672 927 1794 997 multae
1829 930 2076 1011 defannitateS,
2108 943 2189 999 sunt

167 1017 241 1081 Das
262 1017 337 1081 sind
358 1013 563 1101 eenunltipe
579 1017 672 1080 ababa
687 1017 798 1081 reden
854 1015 926 1082 Lex
955 1028 1096 1082 naturae
1118 1028 1151 1081 et
1204 1011 1296 1079 multi
1324 1016 1438 1081 tristes
1465 1013 1583 1102 lapsus
1611 1017 1756 1083 omnium
1790 1030 1999 1083 sanctorum:
2028 1019 2108 1084 Non
2137 1025 2190 1085 eet

167 1103 323 1169 iudicium
340 1101 518 1169 humanum
542 1103 698 1190 agnoscit
718 1104 796 1182 ista,
819 1103 881 1169 sed
897 1103 1045 1169 nondum
1066 1103 1150 1169 satis
1203 1102 1308 1168 iustus
1329 1104 1364 1165 in
1386 1109 1492 1181 tetra,
1514 1103 1572 1187 peti
1592 1099 1784 1183 benefaciat,
1808 1113 1841 1169 ει
1854 1124 1919 1169 non
1937 1115 2056 1186 peccet.
2089 1102 2188 1171 lntel·

166 1200 220 1255 est
242 1189 286 1253 ad
307 1189 461 1254 iustitiam
485 1208 599 1255 coram
620 1186 708 1254 Deo.
1204 1184 1283 1273 lige,
1317 1208 1386 1253 uon
1407 1189 1440 1253 in
1463 1191 1582 1255 eodem
1614 1200 1704 1268 aem,
1732 1190 1794 1254 sed
1823 1191 1856 1254 in
1879 1191 2022 1256 diversis
2044 1193 2187 1258 actibus.

255 1273 457 1340 Pharisaeus
489 1273 547 1339 ille
578 1276 680 1341 habet
712 1274 799 1341 dnos
832 1292 973 1361 magnos
1003 1293 1149 1353 errores,
1203 1272 1374 1338 Habemus
1395 1272 1499 1341 multa
1524 1285 1665 1359 peccata
1692 1277 1902 1362 ignorantiae
1925 1287 1959 1341 et
1981 1279 2187 1356 omissionis,

166 1373 201 1427 ει
223 1362 289 1426 dno
312 1361 453 1425 maxima
484 1372 637 1445 peccata:
670 1362 698 1426 l.
732 1362 824 1447 quod
856 1381 924 1426 non
958 1371 1011 1427 est
1042 1362 1076 1425 in
1109 1380 1150 1426 eo
1203 1372 1235 1425 et
1251 1359 1482 1431 infirmitatis,
1506 1359 1628 1426 Petras
1661 1358 1802 1440 labitur,
1835 1361 1952 1427 Aaron
1983 1361 2187 1430 horribiliter

190 1447 384 1514 oenitentia:
406 1444 508 1513 habet
529 1448 706 1527 somnium,
727 1447 817 1534 quod
838 1448 883 1513 sit
904 1448 1013 1514 iustus
1036 1466 1151 1512 coram
1202 1443 1337 1525 labitur,
1360 1443 1471 1513 David
1481 1444 1616 1526 labitur,
1638 1448 1741 1514 etsie
1762 1449 1805 1514 de
1826 1449 1983 1514 caeteris:
2006 1445 2062 1514 alii
2079 1446 2187 1517 aliter.

201 1553 262 1611 eo,
294 1546 432 1619 propter
464 1533 562 1599 istam
584 1532 807 1618 disciplinam.
859 1531 994 1620 Cogitat
1011 1553 1050 1599 se
1071 1551 1150 1599 esse
1203 1529 1286 1597 Cam
1314 1533 1414 1620 igitur
1446 1534 1512 1599 sint
1540 1534 1574 1598 in
1607 1534 1706 1599 nobis
1729 1544 1880 1618 peccata,
1914 1546 1948 1599 ει
1968 1533 2098 1620 lapsus,
2133 1536 2187 1604 de·

166 1619 199 1683 in
222 1620 289 1684 isto
312 1617 437 1705 populo
460 1639 561 1685 unum
583 1619 626 1684 de
647 1618 830 1699 columnis,
859 1638 937 1687 esse
965 1620 1150 1686 membrum
1203 1620 1321 1684 bemus
1341 1615 1420 1685 illos
1442 1639 1642 1705 agnoscere,
1668 1630 1702 1685 et
1728 1621 1853 1686 habere
1882 1640 1997 1688 verum
2024 1619 2185 1689 dolorem.

165 1702 341 1771 Ecclesiae
385 1706 623 1790 praecipuum
668 1708 744 1791 quia
782 1703 885 1774 saciat
907 1704 1056 1794 'legem3
1096 1715 1150 1770 est
1289 1703 1384 1771 Haec
1404 1706 1610 1790 poenitentia
1631 1725 1694 1771 seu
1715 1707 1871 1773 contritio
1888 1727 1956 1774 non
1978 1709 2083 1774 estin
2100 1706 2187 1773 Plra·

165 1799 381 1875 τετυφωμένος,
403 1792 589 1869 ambiendi,
615 1789 802 1861 fascinatus
829 1795 1052 1881 persuasione
1073 1812 1150 1878 pro·
1202 1790 1325 1857 aeaco.
1370 1790 1495 1857 Postea
1515 1812 1624 1878 neque
1646 1791 1731 1857 tides
1748 1794 1783 1859 in
1811 1813 1853 1858 eo
1881 1805 1943 1859 est
1987 1793 2064 1861 Nou
2085 1794 2188 1860 habet

165 1880 259 1963 prise
280 1877 463 1964 sapientiae
480 1889 514 1944 et
535 1879 697 1955 iustitiae3
737 1890 831 1963 putat
862 1898 903 1944 se
935 1880 1058 1945 iustum
1089 1874 1149 1943 illa
1201 1873 1292 1942 illem
1313 1879 1520 1959 sententiam,
1578 1878 1645 1945 uod
1677 1893 1815 1965 propter
1846 1877 2007 1945 llessiam
2039 1878 2186 1964 placeat:

166 1983 228 2030 sua
248 1964 425 2050 disciplina
454 1984 568 2030 coram
588 1963 684 2044 Deo,
716 1977 812 2051 putat
842 1984 905 2031 sua
934 1984 1037 2051 opera
1070 1982 1150 2030 esse
1202 1963 1280 2028 Non
1308 1966 1421 2031 tribuit
1448 1963 1525 2031 Deo
1554 1900 1646 2031 lanc
1686 1962 1843 2052 gloriam,
1881 1968 1972 2050 quod
2003 1968 2048 2031 sit
2078 1967 2188 2033 iustas

165 2051 318 2116 meritum
350 2049 558 2117 remissionis
598 2064 814 2136 peccatorum
853 2071 915 2135 pro
948 2072 987 2118 εε
1019 2061 1054 2117 ει
1086 2071 1148 2137 pro
1202 2062 1339 2135 propter
1360 2051 1531 2118 blessiam.
1585 2050 1661 2119 lloc
1693 2068 1747 2117 est
1768 2051 1994 2138 praecipuum,
2018 2054 2109 2137 quod
2131 2048 2187 2118 ille

165 2133 253 2217 aliis,
282 2147 316 2203 ει
349 2156 436 2222 quae
468 2134 566 2203 buius
599 2139 733 2224 generis
759 2139 1013 2227 imaginationes
1035 2133 1150 2222 plures
1202 2134 1303 2221 plane
1329 2139 1495 2223 praeterit.
1552 2136 1663 2205 Habet
1694 2137 1783 2205 bane
1815 2135 2093 2222 speculationem:
2122 2137 2188 2205 Fa·

165 2222 199 2286 in
229 2243 271 2288 eo
288 2228 383 2288 ‘esse
410 2234 602 2308 potuerantt
634 2225 723 2292 sieut
753 2225 788 2291 in
819 2244 887 2292 uno
919 2243 1037 2293 errore
1056 2220 1150 2290 multi
1203 2223 1330 2289 cientes
1351 2221 1459 2310 legem
1493 2234 1571 2289 sunt
1593 2224 1685 2289 iusti:
1716 2222 1792 2310 Ego
1820 2224 1909 2290 facio
1936 2223 2062 2311 legemr
2093 2223 2187 2311 Ergo

166 2327 303 2374 errores
325 2321 403 2374 sunt
424 2306 575 2375 involuti.
1202 2328 1277 2375 sum
1294 2311 1416 2388 iustus,
1445 2321 1479 2377 ει
1501 2320 1681 2395 propterea
1713 2330 1779 2397 ego
1813 2311 1872 2376 tibi
1904 2310 2039 2395 gratias.
2094 2309 2188 2376 llaec

253 2394 317 2460 Est
337 2405 446 2463 autem
468 2415 625 2482 magnum
647 2407 822 2481 peecatum
849 2397 954 2462 corda
975 2415 1055 2462 esse
1076 2397 1150 2462 sine
1203 2406 1255 2462 est
1275 2396 1376 2482 igitur
1398 2398 1578 2480 descriptio
1600 2395 1784 2463 Pharisaei.
1828 2395 1928 2463 Venit
1952 2397 1984 2461 in
2011 2393 2185 2482 templumt

164 2482 385 2568 poenitentia,
418 2483 492 2547 sine
526 2479 653 2547 dolore.
718 2482 794 2547 Non
823 2482 952 2548 debetis
986 2483 1149 2562 dubitare,
1201 2480 1297 2547 affert
1318 2502 1474 2571 magnam
1489 2483 1741 2549 admirationem
1758 2482 1824 2549 sui:
1855 2494 1889 2548 et
1916 2483 2087 2570 egreditur
2101 2503 2187 2549 eum

189 2569 246 2634 uin
268 2565 380 2646 horno,
412 2568 446 2632 in
479 2588 545 2653 quo
580 2587 648 2633 non
680 2579 735 2633 est
766 2565 866 2635 dolor
898 2580 939 2647 et
952 2588 1075 2654 pavor,
1107 2570 1150 2634 sit
1201 2569 1327 2634 nraiore
1356 2569 1576 2638 admiratione
1608 2569 1661 2635 sui
1687 2566 1748 2633 illo
1769 2571 1843 2655 ipso
1866 2589 1987 2653 opere,
2020 2570 2106 2635 redit
2127 2570 2184 2634 de·

163 2587 294 2720 dianus
316 2674 337 2718 a
360 2653 450 2720 Dent
474 2665 607 2739 oportet
638 2656 672 2718 in
705 2652 839 2721 homine
868 2674 947 2721 esse
980 2656 1149 2739 poeniten·
1200 2655 1315 2735 terior,
1338 2675 1437 2742 quam
1458 2653 1520 2721 luit
1542 2667 1657 2721 anteat
1681 2655 1760 2740 quia
1787 2666 1841 2721 est
1862 2653 1971 2722 laetus
1985 2657 2181 2740 superbior.

163 2741 255 2806 tiam.
299 2737 392 2805 illam
415 2759 533 2806 vocem
560 2750 693 2826 oportet
720 2759 853 2826 semper
886 2741 1017 2807 andire:
1053 2743 1151 2826 Apisa
1640 2786 1643 2791 -

187 2827 404 2904 oscitantiam,
420 2826 454 2891 id
476 2839 541 2907 est,
564 2829 776 2911 expavescite
798 2848 913 2894 eoram
933 2828 1056 2894 indicio
1072 2829 1148 2893 Dei.

161 2847 260 2979 ltemz
288 2912 354 2979 Ubi
372 2913 533 2978 habitabit
562 2912 741 2994 Dorulaus,
773 2916 840 2980 nr'st'
859 2916 894 2980 in
925 2917 1049 3000 spiritu
1074 2934 1148 2979 coa·

163 3001 264 3065 nito.-
295 3007 327 3065 et
358 3006 510 3067 amente
542 3019 703 3068 namanes
729 3021 825 3067 meos.
880 3000 917 3067 Si
939 3002 1014 3087 quis
1035 3002 1150 3068 incidit
1408 2983 1488 3068 De
1541 2986 1795 3070 secundo
1839 2986 1980 3070 loco.

162 3084 199 3151 in
231 3094 457 3170 contemptum
478 3086 560 3167 Dei,
591 3098 626 3153 ει
656 3087 691 3151 in
723 3087 937 3154 εεειιιὶιειεω
968 3085 1149 3168 carnalem,

155 3183 217 3239 est
238 3172 311 3238 sine
333 3170 452 3237 dolore
475 3183 509 3238 et
531 3175 750 3258 poenitentim
779 3170 856 3240 talis
882 3195 950 3239 non
973 3188 1027 3241 est
1046 3193 1149 3241 mem·
1287 3167 1488 3235 Eeontrario
1533 3167 1730 3252 proponitur
1768 3166 1991 3255 publicanus,
2034 3173 2090 3257 qui
2133 3181 2186 3238 est

164 3260 261 3325 brum
295 3256 482 3338 Ecclesiae,
514 3273 567 3325 εει
599 3257 729 3325 alienus
750 3281 772 3325 a
793 3259 882 3340 Deo,
914 3271 969 3326 est
999 3263 1034 3326 ln
1056 3271 1150 3327 statu
1202 3253 1388 3341 exemplum
1405 3254 1642 3406 poenitentiae,
1663 3275 1725 3322 seu
1748 3259 2006 3337 conversionis,
2035 3269 2069 3323 et
2095 3257 2186 3325 iusti·

162 3344 395 3411 damnationis.
455 3344 505 3410 lta
526 3342 584 3410 ille
616 3357 670 3411 est
701 3366 861 3425 securus,
900 3346 1038 3413 confidit
1065 3367 1148 3413 suae
1201 3344 1268 3408 tiae
1285 3341 1371 3408 lidei.
1434 3352 1525 3406 artes
1543 3341 1769 3425 poenitentiae
1784 3356 1854 3410 tres
1872 3356 1963 3421 sunt,
1985 3345 2071 3411 sieut
2082 3362 2187 3429 saepe

156 3431 324 3510 iustitiae,
359 3429 462 3496 habet
489 3432 671 3511 somnium,
704 3434 794 3519 quod
827 3435 872 3499 sit
911 3435 1018 3500 iustus
1051 3433 1149 3498 disci·
1201 3429 1336 3494 auditis:
1359 3425 1536 3506 contritio,
1559 3428 1670 3508 Fides,
1693 3439 1728 3494 et
1748 3429 1846 3495 Nova
1869 3431 2065 3497 obedientia.
2097 3427 2186 3494 Con·

162 3514 264 3603 plina.
319 3515 390 3582 Sed
412 3538 478 3584 nor.
501 3519 585 3582 satis
607 3530 660 3585 εει
681 3530 836 3587 ornatum
856 3540 936 3593 esse
962 3517 1149 3605 disciplina,
1203 3516 1289 3580 tritio
1313 3515 1416 3580 estin
1439 3511 1519 3592 illo;
1536 3515 1614 3599 quia
1635 3514 1701 3582 hoc
1724 3517 1910 3583 ostenditur
1932 3517 1965 3580 in
1988 3517 2185 3602 ipsogestn,

155 3604 262 3675 debet
288 3603 323 3669 in
342 3601 476 3670 homine
498 3624 577 3670 esse
596 3606 811 3691 poenitentia.
1201 3601 1250 3668 Es‘
1268 3600 1344 3684 aiod
1364 3619 1466 3666 zween
1487 3613 1606 3687 gestus
1629 3603 1686 3682 da,
1707 3603 1775 3667 nard
1795 3605 1865 3667 aine
1886 3604 1982 3682 rede,
2017 3622 2103 3690 quae
2132 3612 2187 3669 est

249 3688 301 3755 Ne
325 3709 367 3754 ue
389 3701 500 3756 tamen
523 3690 591 3758 hoc
613 3691 712 3758 etiam
734 3693 817 3758 satis
839 3704 910 3771 est,
945 3710 1026 3759 esse
1054 3688 1149 3757 dolo·
1202 3684 1371 3753 confessio
1408 3687 1526 3771 ipsius.
1591 3688 1723 3755 Primus
1782 3700 1890 3755 estus:
1930 3688 2009 3754 Non
2044 3688 2190 3758 αιιάεὸιιι

155 3796 234 3845 aem
255 3776 289 3841 in
337 3776 457 3855 omine,
480 3788 611 3863 oportet
633 3778 733 3845 etiam
755 3798 834 3844 esse
854 3776 973 3856 iidem,
1002 3790 1036 3843 ει
1055 3779 1148 3866 agni·
1201 3776 1312 3840 amtor
1333 3775 1380 3839 cd
1406 3776 1526 3840 coelum
1553 3777 1731 3844 uttoileres‘
1750 3709 1799 3840 ἓν
1821 3775 2001 3841 arscbriclrt
2025 3771 2088 3855 fut·
2113 3776 2187 3842 dest

162 3863 287 3929 tionem
303 3860 499 3929 lllediatou‘s
518 3863 678 3945 Messias,
699 3861 756 3929 filii
776 3863 854 3942 Dei,
875 3877 910 3931 et
931 3884 1045 3931 veram
1068 3884 1149 3930 con·
1200 3862 1350 3941 Himmel,
1373 3860 1473 3945 darff
1489 3862 1553 3927 date
1573 3861 1712 3928 llimntel
1730 3861 1818 3927 nicht
1841 3862 1988 3929 unsaltan.
2019 3862 2076 3927 lta
2098 3862 2186 3929 enlm

160 3946 372 4026 solationem,
395 3969 482 4035 quae
502 3971 571 4016 non
592 3951 787 4017 accenditur
808 3952 881 4017 siue
902 3972 1024 4039 magna
1048 3950 1148 4019 lucta.
1200 3947 1250 4015 fita
1285 3947 1370 4014 Tota
1396 3969 1509 4015 rerum
1539 3960 1658 4015 natura
1678 3945 1845 4015 formidini
1877 3962 1932 4017 est
1959 3949 2186 4017 conscientiae

163 4034 307 4109 Quando
327 4033 428 4101 homo
450 4047 503 4102 est
523 4037 557 4102 in
576 4057 657 4103 vero
680 4034 810 4115 dolore,
831 4047 963 4123 oportet
985 4039 1148 4105 accedere
1198 4031 1471 4122 perterrefactus.
1522 4033 1673 4122 Cogitat:
1702 4035 1766 4100 llic
1787 4047 1840 4101 est
1871 4037 1983 4114 iudex,
2015 4035 2071 4120 qui
2104 4053 2186 4101 con·

161 4119 306 4200 luctam,
338 4122 373 4185 in
400 4142 469 4207 qua
501 4124 616 4189 vineat
636 4123 733 4203 fides,
761 4125 863 4211 quod,
886 4123 942 4228 qui
964 4125 1055 4210 digni
1077 4146 1149 4191 era·
1200 4124 1335 4189 demnat
1359 4136 1402 4189 te.

161 4227 235 4274 mus
258 4219 397 4272 aeterna
417 4221 538 4287 morte,
564 4220 700 4295 propter
722 4209 826 4277 lilium
846 4210 912 4278 Der
940 4231 1002 4296 per
1022 4213 1148 4277 miseri·
1286 4207 1506 4274 Considerate
1544 4208 1645 4274 istum
1690 4217 1822 4293 gestum
1864 4206 1899 4272 iu
1936 4208 2035 4274 vobis
2082 4208 2184 4293 ipsis:

163 4295 323 4374 cordiam,
356 4295 462 4379 gratis
496 4296 601 4362 simus
623 4299 770 4382 recepti,
793 4309 827 4363 ει
847 4296 1040 4383 placeamus
1071 4296 1147 4365 Deo
1200 4293 1342 4368 Quando
1363 4292 1485 4381 aliquis
1514 4295 1579 4358 sibi
1603 4305 1656 4360 est
1678 4291 1764 4359 male
1787 4293 1964 4374 conscius,
1988 4314 2056 4360 non
2083 4294 2186 4362 audet

185 4391 299 4464 ropter
320 4377 556 4462 Medietatem,
591 4382 649 4468 qui
675 4385 719 4448 sit
739 4382 968 4452 umbraculum
984 4395 1147 4452 nostrum.
1198 4381 1319 4447 intueri
1340 4394 1433 4447 reete
1454 4381 1620 4446 bominesz
1642 4380 1720 4447 bebi
1741 4379 1818 4446 acbt
1838 4377 1955 4463 draus,
1976 4401 2011 4447 es
2032 4382 2077 4447 ist
2097 4385 2185 4448 aba:

162 4401 400 4552 linusquisqne
439 4487 518 4535 sese
549 4469 732 4535 intueatnr=
771 4481 805 4536 et
839 4490 879 4536 co
905 4472 984 4540 itet:
1017 4471 1148 4538 etiamsi
1200 4466 1300 4533 Oculi
1321 4480 1402 4533 sunt
1428 4466 1557 4532 indices
1585 4466 1695 4531 animi.
1751 4467 1894 4541 Quando
1927 4464 2048 4554 aliquis
2069 4464 2185 4535 scelus

162 4549 272 4617 habeo
301 4550 526 4639 disciplinam
559 4566 668 4622 tamen
701 4556 811 4624 babeo
844 4492 954 4624 salua
986 4557 1092 4625 multa
1113 4569 1148 4625 et
1198 4551 1337 4640 aliquod
1359 4553 1497 4640 cogitat,
1520 4550 1577 4620 vel
1598 4550 1743 4634 molitur,
1776 4550 1833 4620 vel
1866 4557 2082 4704 perpetravit,
2110 4575 2184 4621 cer·

162 4659 284 4726 magna
305 4653 454 4724 peecata.
1199 4652 1268 4707 tum
1291 4652 1356 4721 εει,
1378 4640 1468 4726 quod
1489 4653 1664 4707 nourecta
1675 4651 1853 4706 conaretur

1199 4737 1351 4833 conatur,
1371 4738 1482 4832 tamen
1503 4748 1572 4793 non
1593 4739 1708 4813 potest
1729 4725 1859 4832 facere:
1888 4732 1967 4814 quia
1984 4725 2083 4792 dolor
2104 4746 2183 4793 con·

237 4848 354 4954 a...
400 4866 495 4938 a...
540 4882 638 4967 era
684 4866 853 4968 pm...
897 4856 939 4939 a
984 4857 1062 4942 a>
1170 4811 2184 4986 .nitranrt„transnatabant

279 5029 281 5033 -
525 4974 777 5063 Pharisaeol
1169 4983 1256 5071 illle
1278 4998 1332 5052 est
1355 4987 1440 5053 ordo
1463 4983 1644 5066 naturalis,
1675 4999 1731 5054 est
1765 4988 1987 5054 testimouium
2020 4982 2071 5053 de¹
2092 4985 2182 5067 Deo,

592 5138 596 5145 ,
1169 5073 1287 5158 ÷quod
1310 5073 1515 5140 conscientia
1535 5075 1663 5140 iudicat
1690 5075 1791 5141 etiam
1817 5092 1885 5138 non
1913 5084 2063 5139 renatos.
2107 5071 2183 5141 lloe
2243 5134 2248 5142 ,

248 5154 325 5240 lpse
344 5173 411 5223 non
438 5154 540 5225 hebet
561 5177 677 5231 rerum
708 5156 963 5230 timum-liei:
996 5179 1066 5228 non
1091 5171 1146 5228 est
1168 5158 1172 5242 l
1196 5169 1250 5227 est
1265 5179 1356 5246 opus
1372 5157 1480 5247 legis,
1502 5170 1538 5227 et
1558 5172 1612 5227 ast
1633 5162 1719 5227 ordo
1740 5161 1775 5227 in
1796 5169 1933 5241 nabars,
1965 5180 2065 5247 quem
2085 5156 2184 5227 Dans

1891 4642 2031 4718 omines,
2053 4639 2184 4707 etiarnsi
