4620 5588
189 242 256 328 ont
577 258 584 269 ·
878 256 1098 326 cosmeta
1118 238 1518 326 trutaurnomaua.
1548 260 1552 267 ’
2079 271 2093 294 =
2140 246 2208 326 eat

190 453 254 517 bus
276 451 348 516 eius
372 447 502 536 popoli3
558 451 613 517 uia
635 451 778 516 debebat
806 468 884 514 esse
906 460 1074 534 postrema
1097 445 1172 534 Epi·
1222 441 1290 512 lum
1313 444 1512 523 sodalitium,
1535 447 1639 512 Potes
1655 446 1820 533 imperare
1830 444 1877 512 liu
1925 468 1977 527 ae,
2001 468 2044 512 ne
2055 444 2207 533 proferat

190 537 283 604 tasis.
338 533 509 603 Reiutavit
535 471 778 615 laudaturos,
807 535 863 621 qui
896 536 1065 622 negabant
1094 553 1173 600 esse
1222 553 1291 599 nou
1337 532 1523 599 toleranda.
1568 531 1732 599 Erasmus
1756 465 2075 605 eontraffhutherum
2095 535 2207 619 dispu-

192 624 289 691 vitam
311 637 390 708 post
412 624 499 702 hane
523 622 633 688 vitam.
684 625 747 689 Die
768 625 829 688 nat
848 644 885 687 cr
905 625 1005 689 sehon
1027 627 1171 705 resuttrt.
1223 630 1286 687 tat:
1311 557 1398 691 zeid
1419 626 1467 682 ert
1483 617 1628 698 facilius,
1650 639 1741 702 quem
1764 621 1922 681 continere
1931 641 2039 682 marem
2061 640 2081 680 c
2094 621 2208 697 furto?

190 710 281 775 Usus
305 720 358 774 est
378 708 443 774 hoc
465 706 586 774 illustri
608 719 818 795 argumento:
1222 703 1296 772 lloc
1320 726 1436 772 verum
1464 720 1517 770 est
1545 706 1587 771 de
1616 702 1771 789 politico,
1797 724 1859 772 seu
1880 702 2117 793 paedagogia-o
2141 727 2207 773 usu

320 832 369 910 tu
404 847 477 895 mm
499 833 590 895 Dm
611 831 790 895 dmm,
1220 787 1316 878 legis
1361 790 1433 857 Lex
1456 803 1509 857 est
1530 788 1714 876 possibilis,
1742 792 1832 878 quod
1862 792 1905 855 ad
1933 793 2030 857 istam
2060 788 2206 878 discipli·

339 850 388 939 .⁰
502 915 538 977 D
617 923 650 981 v,
772 869 787 955 ‚⁸
1221 897 1300 942 nam
1320 878 1448 957 attinet,
1470 877 1531 942 sed
1553 875 1714 943 Erasmus
1737 898 1804 943 non
1824 879 2016 944 considerat
2034 876 2206 960 sublimio·

320 919 600 1068 mmmm
632 934 781 1068 ὓξῖφὲἰ
810 1007 861 1066 m
888 1007 953 1066 vm
983 1009 1060 1083 pm
1088 1001 1174 1065 m
1195 1011 1200 1060 t
1221 983 1278 1028 res
1302 985 1383 1030 usus
1406 961 1507 1050 legis:
1532 984 1596 1029 nec
1621 965 1746 1051 cogitat
1774 960 1883 1050 legem
1913 983 1989 1029 esse
2019 963 2206 1049 impossibl-

362 1022 460 1154 io«
481 1093 692 1171 morem
1221 1045 1287 1114 ¹0¹⁰
1308 1049 2100 1202 treats*urrunnunru
2116 1047 2205 1203 ”a
2281 1126 2284 1131 ·

277 1223 339 1289 llic
372 1225 510 1305 dieitur,
544 1226 633 1310 quod
666 1222 870 1289 obstruxerit
900 1223 948 1286 eis
979 1242 1028 1287 os.
1073 1220 1172 1287 Prae·
1222 1242 1289 1308 qno
1322 1191 1449 1288 reulus
1465 1158 1645 1309 'loquilurz
1679 1158 1752 1283 lea·
1784 1230 1831 1284 ert
1863 1158 2051 1305 eptrttnaha
2085 1184 2119 1287 id
2141 1232 2204 1310 est.

191 1312 286 1396 cipua
308 1313 448 1375 materia
470 1310 700 1396 disputationis
723 1328 797 1372 cum
821 1308 1026 1389 Pharisaeis,
1054 1319 1107 1372 est
1129 1309 1172 1374 de
1221 1305 1394 1393 spirituale
1415 1308 1580 1388 iudicium,
1604 1308 1755 1374 iudicans
1780 1309 1894 1387 eorda,
1917 1321 1950 1374 et
1973 1308 2138 1375 incutiens
2156 1309 2205 1374 in·

190 1397 379 1462 discrimine
402 1396 502 1484 Legis
527 1409 558 1460 et
580 1392 764 1481 Evangelii.
804 1393 935 1474 Videte,
957 1415 978 1458 o
1002 1395 1071 1460 timi
1093 1394 1172 1460 ado
1222 1407 1355 1479 gentem
1377 1415 1514 1460 sensum
1535 1395 1605 1460 irac
1623 1393 1702 1460 Dei:
1724 1392 1769 1460 Ut
1789 1393 1954 1461 Ezechias
1978 1392 2115 1460 clamat:
2136 1394 2205 1457 Sic·

188 1481 375 1563 lescenteS,
402 1481 453 1546 his
477 1484 697 1566 temporibus,
727 1493 778 1546 est
800 1478 863 1546 llei
886 1416 1049 1547 betiricio
1080 1492 1171 1568 pute·
1221 1487 1257 1557 a}
1284 1478 1350 1543 Leo
1384 1480 1533 1545 contrivit
1565 1483 1667 1543 omitto
1700 1500 1774 1546 oasa
1801 1501 1879 1543 men.
1923 1479 1985 1546 llic
2017 1501 2101 1547 usus
2135 1500 2205 1547 non

188 1567 313 1636 sactum
336 1580 370 1634 et
390 1566 588 1634 illustratum
611 1568 787 1633 discrimen
810 1566 859 1632 Le
885 1568 914 1632 is
936 1580 967 1632 et
984 1563 1171 1654 Evangelii,
1222 1563 1309 1633 tollit
1329 1581 1517 1654 peccatum,
1540 1570 1598 1632 sed
1622 1576 1786 1632 monstrat
1808 1577 1933 1632 tanturn
1957 1567 2038 1631 iram
2061 1566 2125 1632 Ilei
2147 1564 2205 1632 ad·

190 1657 278 1743 qnod
312 1668 364 1720 est
400 1653 489 1734 velut
523 1651 629 1719 clavis
656 1656 833 1719 universae
862 1589 884 1719 d

189 1743 363 1819 siastioae3
391 1755 423 1806 et
451 1742 584 1827 quando
609 1741 761 1806 nescitur·
781 1740 849 1805 hoc
872 1741 1068 1823 discrimen,
1102 1752 1171 1805 tum
1223 1760 1295 1819 nes,
1318 1753 1384 1806 tum
1408 1760 1487 1805 vere
1509 1740 1682 1824 discimus,
1711 1739 1800 1825 qnod
1831 1735 1886 1803 lex
1909 1759 1976 1805 non
1999 1735 2131 1804 adierat
2152 1758 2205 1805 re·

190 1838 374 1912 sequnntur
419 1847 559 1912 magnae
598 1828 766 1892 tenebrae.
837 1827 1019 1912 Propterea
1061 1828 1170 1914 agatis
1223 1826 1413 1891 missionem
1437 1836 1669 1912 peccatorum:
1692 1836 1728 1889 ut
1750 1825 1883 1912 quando
1906 1822 2009 1890 Deus
2026 1826 2139 1912 incipit
2150 1845 2203 1891 ar·

190 1915 316 2002 gratias
339 1912 430 1993 Deo,
463 1914 554 1998 quod
586 1925 755 1999 utcunque
777 1922 868 1977 extat
884 1909 1105 1998 patefactum,
1138 1923 1171 1978 et
1222 1931 1325 1999 gnere
1358 1912 1466 1978 Adam
1496 1922 1527 1976 et
1555 1909 1678 1989 Evam3
1710 1913 1744 1976 in
1777 1909 1835 1975 illa
1868 1909 2083 1978 accusatione
2105 1922 2205 1981 sonat

190 2000 351 2065 studeatis
372 2020 494 2086 magna
522 2020 602 2065 cura
625 2001 709 2064 tueri
741 1997 809 2062 hoc
843 2000 1030 2064 discrimen.
1077 2002 1171 2066 Dente
1222 2019 1341 2064 vocem
1364 1994 1467 2085 legis:
1490 1997 1593 2058 Adam
1615 1997 1693 2080 qntd
1710 1999 1845 2077 fecisti?
1866 1996 1912 2062 lbi
1936 1998 2204 2084 iacentpostratl

189 2108 226 2154 ea
247 2090 292 2153 tet
306 2106 403 2167 prora
424 2089 510 2151 drun
528 2090 673 2170 petepmr.
717 2083 841 2150 Verbis
869 2099 980 2152 autem
1004 2097 1171 2172 utcunque
1221 2086 1254 2148 in
1289 2099 1406 2165 morte,
1441 2096 1474 2150 et
1504 2085 1682 2169 periissent
1713 2080 1880 2155 funditus,
1914 2085 1977 2148 nisi
2011 2083 2204 2151 mirabiliter

190 2170 351 2257 explicari
372 2183 503 2258 potest,
536 2172 614 2258 quid
638 2174 681 2236 sit
704 2167 769 2245 lex,
799 2173 927 2258 etquid
951 2172 995 2237 sit
1017 2171 1170 2257 Evange·
1193 2148 1197 2278 l
1220 2169 1363 2237 luissent
1385 2171 1575 2248 sustentati,
1597 2167 1680 2235 Filio
1692 2166 1764 2261 'Del
1788 2172 2001 2254 deprecante.
2046 2173 2092 2237 lbi
2116 2172 2203 2238 enim

187 2255 285 2335 lium;
319 2259 380 2322 sed
413 2259 605 2345 magnitudo
640 2278 747 2323 rerum
780 2279 848 2323 uon
881 2268 992 2342 potest
1020 2278 1170 2340 compre·
1220 2253 1501 2336 undamentum,
1525 2278 1592 2321 non
1615 2253 1738 2342 angeli,
1761 2278 1827 2322 non
1852 2252 1991 2329 coelum,
2022 2278 2090 2322 uon
2113 2272 2203 2323 terra

188 2342 288 2410 hendi
311 2347 353 2409 ab
377 2340 444 2409 ulla
468 2356 632 2423 creatura,
656 2363 698 2408 ue
720 2344 763 2408 ab
782 2342 911 2431 angelis
956 2344 1075 2411 uidem.
1220 2355 1332 2428 potest
1353 2364 1413 2408 eos
1436 2345 1560 2408 iuvare.
1591 2342 1626 2408 ln
1650 2339 1773 2407 talibus
1797 2363 1879 2430 ergo
1903 2344 2085 2409 terroribus
2104 2344 2203 2410 disci·

276 2430 375 2503 Qutul
407 2451 529 2515 magna
564 2450 617 2495 res
652 2430 695 2494 sit
728 2427 801 2508 lex,
834 2365 979 2494 ostendit
1011 2448 1103 2494 mors
1136 2443 1169 2496 et
1220 2439 1285 2508 tur,
1308 2429 1398 2514 qnod
1419 2440 1538 2494 natura
1560 2449 1627 2494 nou
1646 2429 1753 2512 possit
1776 2429 1974 2495 satisfacere
1992 2426 2071 2515 legi,
2089 2444 2122 2495 et
2133 2449 2203 2496 non

188 2512 366 2580 horribiles
402 2512 608 2581 calamitates
641 2517 742 2581 totius
772 2518 904 2603 generis
931 2513 1075 2580 humaui.
1118 2516 1169 2582 lu·
1194 2556 1197 2559 >
1220 2515 1264 2579 sit
1297 2513 1413 2589 similis
1446 2512 1529 2602 legi,
1562 2526 1597 2580 ut
1620 2516 1754 2582 dicitur:
1790 2515 1853 2578 Cor
1873 2514 2007 2577 Ιιοηιίηἰε
2021 2537 2203 2597 perversam

190 2615 322 2681 ventus,
345 2622 420 2666 curn
441 2602 533 2666 audit
556 2603 621 2668 dici
645 2596 799 2688 delego,
829 2599 908 2666 nihil
932 2603 1073 2688 cogitat,
1103 2602 1169 2667 uisi
1220 2609 1277 2676 est,
1299 2609 1330 2664 et
1351 2604 1499 2664 saucium.
1536 2599 1590 2662 Da
1611 2599 1667 2662 tat
1695 2621 1728 2662 er
1751 2604 1821 2682 sein
1845 2602 1953 2687 ipsum
1975 2603 2139 2680 morbum,
2169 2612 2203 2669 et

189 2687 280 2754 illam
318 2689 487 2769 umbram,
514 2685 721 2771 discipliuae.
786 2687 876 2753 lstas
914 2688 1168 2775 imaginationes
1193 2718 1198 2792 p
1220 2685 1373 2754 effectum
1394 2689 1500 2753 morbi
1524 2689 1694 2769 anpezeipt.
1722 2681 1791 2754 Coi
1813 2700 2088 2775 supervasum,
2111 2685 2202 2754 scili·

212 2771 334 2840 ueriles
369 2784 501 2861 oportet
541 2774 710 2840 emendari
748 2772 924 2860 paulatim,
962 2788 995 2840 et
1029 2775 1169 2862 cogitari
1193 2796 1198 2877 p
1221 2786 1293 2854 cet,
1323 2777 1580 2841 contaminatum
1612 2787 1765 2858 peceato.
1821 2774 1863 2840 Et
1896 2785 1949 2840 est
1983 2772 2202 2841 dilaceratum

188 2796 300 2941 lebet,
323 2857 432 2947 legem
455 2858 520 2926 Dei
552 2880 632 2941 esse
664 2881 819 2947 ruagnum
848 2861 1021 2946 quiddam,
1049 2880 1169 2947 nempe
1218 2857 1433 2940 horribiliter,
1455 2861 1516 2921 dor
1536 2863 1581 2921 ist
1603 2859 1750 2925 effectus.
1795 2859 1849 2925 De
1876 2861 1943 2925 hoc
1964 2861 2116 2927 secundo
2138 2881 2203 2929 usu

188 2949 382 3034 sapientiam
418 2957 452 3012 et
482 2946 638 3012 iustitiam
661 2944 743 3026 Dei3
777 2946 852 3017 ideo
880 2943 1100 3052 patefactam,
1134 2959 1170 3013 ut
1219 2947 1366 3032 disputat
1387 2946 1442 3013 hie
1465 2945 1621 3012 Christus
1645 2969 1719 3014 eum
1741 2943 1943 3012 Pharisaeis,
2067 3029 2069 3034 Ι

189 3034 345 3099 ostendat
366 3035 447 3098 iram
471 3031 535 3098 Dei
562 3033 726 3100 adversus
759 3033 1016 3099 inobedientiam
1036 3034 1170 3122 generis
1307 3031 1361 3099 111.
1384 3032 1477 3100 Usus
1499 3044 1552 3098 est
1574 3032 1698 3098 docere
1727 3032 1942 3100 iustificatost
1971 3033 2049 3120 quia
2069 3042 2203 3119 oportet

187 3120 340 3200 humani,
373 3130 406 3184 et
437 3131 475 3186 ut
510 3116 714 3207 intelligatur
751 3129 889 3205 propter
926 3119 1168 3186 iurmnndiciem
1218 3118 1416 3187 iustificatos
1439 3120 1545 3200 scire,
1574 3119 1663 3205 quod
1693 3119 1738 3184 sit
1765 3121 1929 3205 quaedam
1956 3139 2075 3186 nonna
2097 3121 2201 3201 borrof

189 3208 372 3273 subiectum
395 3226 473 3271 esse
519 3227 602 3272 enus
635 3206 814 3273 humanum
846 3207 1004 3272 mortiet
1026 3207 1168 3272 caeteris
1219 3228 1292 3272 rum
1320 3225 1456 3292 operum
1486 3204 1642 3271 divinitus
1675 3207 1807 3285 tradita,
1842 3219 1875 3271 et
1896 3207 1986 3293 qnod
2016 3208 2201 3274 secundum

189 3291 444 3360 calamitatibus.
530 3314 574 3356 on
608 3304 660 3357 est
698 3305 808 3360 autem
870 3313 952 3357 enus
991 3290 1168 3358 humanum
1193 3312 1196 3373 ᾗ
1220 3291 1307 3357 hanc
1330 3313 1477 3357 normam
1502 3289 1581 3357 vetit
1604 3311 1663 3357 eos
1678 3289 1774 3358 Deus
1797 3311 1955 3358 exercere
1967 3293 2199 3360 obedientiam.

189 3400 249 3466 par
281 3376 358 3443 hnic
389 3380 460 3443 irae
478 3379 708 3443 sustinendae:
743 3378 820 3464 quia
877 3399 935 3444 eus
968 3377 1056 3464 iguis
1089 3400 1168 3461 con·
1192 3378 1196 3433 l
1219 3378 1305 3443 Nam
1326 3377 1381 3443 hie
1405 3399 1485 3443 usus
1509 3378 1643 3443 deducit
1664 3378 1816 3443 homines
1834 3380 1878 3443 ad
1896 3379 2140 3447 inchoationem
2155 3375 2200 3446 le·

189 3484 324 3529 sumens
348 3476 409 3528 est.
454 3463 522 3527 Sed
546 3460 639 3528 Deus
661 3464 822 3528 immensa
844 3466 991 3530 bonitate
1016 3476 1049 3529 et
1070 3466 1168 3531 mise·
1193 3440 1196 3559 ἶ
1221 3464 1289 3554 gis:
1323 3485 1409 3550 qnae
1441 3466 1504 3530 etsi
1526 3476 1579 3529 est
1605 3461 1796 3550 imperfecta
1819 3465 1852 3529 in
1880 3464 1943 3530 hac
1972 3465 2055 3545 rita,
2088 3476 2199 3531 tamen

189 3551 332 3615 ricordia
350 3559 516 3614 sustentat
539 3570 645 3636 genus
666 3549 856 3628 humanum,
886 3563 924 3617 ut
945 3562 1082 3636 exerpat
1104 3551 1196 3617 sibit
1242 3549 1331 3616 lacet
1360 3548 1435 3616 Deo
1469 3551 1502 3615 in
1535 3549 1722 3616 iustificeris
1756 3549 1823 3615 tide
1852 3562 1987 3637 propter
2017 3549 2199 3618 Christum.

187 3633 385 3701 Ecclesiam.
419 3633 513 3698 llaec
523 3631 705 3721 perfectius
718 3635 883 3701 discemus
895 3637 929 3701 in
941 3638 1008 3703 vita
1019 3650 1168 3718 aeterna,
1192 3609 1196 3731 l
1219 3573 1290 3702 lex
1312 3657 1380 3702 non
1410 3647 1461 3701 est
1484 3634 1597 3702 tabula
1619 3638 1782 3722 quaedam
1815 3636 1849 3700 iu
1882 3639 2008 3722 pariete
2036 3637 2200 3722 pendens,

189 3723 251 3788 sed
273 3734 381 3787 tamen
404 3720 458 3785 hic
475 3722 697 3807 incipiendum
730 3735 793 3800 est,
828 3733 864 3786 ut
896 3724 1064 3788 discamus
1097 3744 1168 3789 rem
1193 3735 1196 3796 ξ
1220 3730 1305 3809 quae
1323 3719 1446 3788 auferri
1471 3734 1504 3788 et
1527 3723 1625 3788 obiici
1655 3725 1772 3807 possit.
1818 3722 1887 3789 Sed
1915 3732 1969 3788 est
1996 3724 2069 3808 ipse
2093 3722 2199 3807 Dens,

188 3829 343 3894 magnam
365 3828 454 3886 esse,
484 3805 590 3896 legem
612 3806 676 3872 Dei
699 3808 837 3873 stiram
865 3805 941 3888 Dei,
968 3811 1055 3875 sicut
1077 3829 1168 3874 mors
1219 3829 1398 3890 accusans,
1420 3820 1453 3875 et
1475 3806 1689 3889 maledicens,
1717 3819 1750 3874 et
1772 3810 1934 3875 damnans
1946 3809 1979 3874 in
1992 3809 2199 3878 obedientes.

188 3908 221 3963 et
241 3892 462 3973 calamitates,
494 3913 636 3981 magnae
658 3906 693 3959 et
723 3890 902 3960 horribiles
935 3916 990 3960 res
1014 3907 1103 3977 suut,
1134 3906 1168 3961 et
1218 3893 1261 3960 Et
1290 3916 1423 3981 semper
1449 3905 1559 3962 manet
1583 3892 1656 3971 lex,
1684 3896 1760 3982 quia
1781 3893 1852 3962 vult
1874 3893 1969 3960 Deus
1998 3916 2063 3961 nos
2093 3898 2199 3962 verbo

187 3980 290 4048 multo
312 3982 421 4045 raaius
443 3979 568 4046 malunt
591 3991 643 4045 est
666 3991 802 4046 aeterna
823 4001 914 4047 mors
937 3993 971 4046 et
988 3982 1167 4048 damnatio.
1219 4001 1282 4047 suo
1301 3985 1389 4071 regi,
1418 4004 1485 4048 nou
1508 3979 1579 4047 vult
1601 4001 1665 4047 nos
1695 3993 1810 4047 nostro
1836 3980 1978 4048 consilio
2007 3982 2200 4069 excogitare

186 4065 287 4134 Nulla
321 4078 375 4130 est
408 4077 498 4132 tanta
525 4068 688 4153 sapientia
720 4064 822 4133 allius
857 4079 1047 4146 creaturae,
1081 4088 1167 4154 qnae
1219 4088 1333 4154 opera,
1357 4080 1415 4135 aut
1437 4066 1558 4134 cultus.
1604 4068 1680 4129 Mau
1701 4067 2199 4151 sollnichtsopen‚wieet1iclte

186 4157 296 4240 possit
318 4149 407 4220 illam
424 4172 494 4218 rem
512 4151 796 4238 comprehendere
813 4149 868 4219 vel
884 4151 1004 4239 eloqui.
1030 4153 1167 4221 Omnes
1191 4149 1196 4296 Ι
1216 4154 1314 4236 prode
1334 4174 1448 4217 nomen
1467 4156 1537 4238 uaff
1546 4154 1605 4215 der
1623 4152 1752 4216 Cantzal
1771 4154 1926 4218 subreton:
1945 4156 1995 4217 An
2015 4156 2130 4238 palpes
2143 4158 2200 4221 mtt

188 4238 394 4307 celaruitates
411 4251 489 4306 suut
510 4260 589 4326 pars
609 4249 642 4304 et
665 4260 784 4306 carcer
816 4239 947 4306 additus
970 4236 1002 4306 le
1026 4241 1056 4321 i,
1090 4239 1168 4314 uuia
1217 4240 1337 4313 Motae,
1355 4240 1483 4308 bloises
1504 4240 1616 4322 pehort
1632 4242 1718 4303 mett
1741 4242 1811 4323 cerff
1825 4241 2106 4325 drnpredtprtutl.
2125 4242 2199 4313 Noa

185 4323 241 4392 lex
263 4329 335 4393 sine
357 4325 554 4391 executione
576 4322 656 4390 nihil
678 4323 778 4405 valet,
807 4339 839 4391 et
861 4338 930 4407 est,
957 4341 992 4393 ut
1048 4315 1166 4394 ‚llen-
1218 4348 1332 4394 sumus
1361 4325 1495 4394 liberari
1517 4349 1537 4392 a
1560 4324 1652 4414 lege,
1683 4341 1745 4394 etc.
1790 4326 1883 4396 llaec
1905 4329 1997 4399 dicta
2017 4339 2199 4399 accersunt

187 4415 307 4500 iringus
330 4413 475 4493 dicebat,
497 4425 663 4498 tamquam
687 4431 847 4498 campana
870 4413 942 4477 sine
963 4410 1095 4499 clipelo.
1218 4424 1252 4481 et
1274 4412 1427 4501 publicas
1451 4425 1484 4481 et
1505 4415 1653 4499 privatas
1676 4435 1814 4500 poenas.

409 4606 532 4711 Quod
562 4622 657 4692 sunt
686 4637 783 4691 usus
813 4607 947 4720 legis?
1232 4609 1490 4714 Quaestio
1521 4610 1915 4695 Pharisaeorum
1948 4611 2006 4692 de
2037 4611 2182 4722 Lege.

223 4798 227 4803 »
273 4752 369 4820 Tres.
399 4756 423 4822 l.
469 4753 646 4824 Politicus:
678 4759 736 4819 wie
763 4778 833 4818 man
866 4757 921 4818 dte
945 4763 1068 4840 janpen
1101 4757 1164 4820 teret
1302 4758 1476 4826 Pharisaei
1497 4757 1622 4825 habent
1644 4759 1913 4845 imaginationem
1937 4757 1979 4823 de
1997 4760 2197 4827 ceremoniis
2278 4787 2281 4792 ·

186 4861 270 4906 muse
292 4840 407 4923 labrem,
428 4845 486 4904 wie
514 4847 560 4907 tie
581 4846 649 4906 cirre
667 4842 837 4907 amatote
859 4836 961 4907 Zucltt
981 4843 1080 4906 tollen
1096 4843 1163 4906 hal·
1216 4857 1250 4913 et
1270 4845 1456 4912 sacrificiis,
1500 4843 1646 4907 Kommert
1679 4843 1780 4910 daher
1813 4846 1857 4909 etl
1885 4843 2070 4910 Christum:
2100 4868 2197 4932 ‹puae-

187 4934 249 4999 ten,
274 4927 321 4989 als
344 4927 388 4989 dn
417 4931 503 4991 einer
524 4927 703 5011 Catonem,
729 4933 795 4993 und
820 4929 1003 4997 llesiodum
1031 4952 1165 4995 earnm·
1216 4944 1304 5014 runt,
1331 4933 1421 5019 quod
1451 4933 1495 4997 sit
1516 4933 1693 4998 maximum
1715 4931 1903 4998 mandatum
1926 4932 1959 4996 in
1982 4929 2072 5021 lege,
2094 4952 2196 5019 quae·

187 5013 246 5097 dr'p
269 5015 382 5078 tornet:
403 5013 498 5081 Deus
519 5016 652 5104 reliquit
673 5017 705 5082 in
726 5016 860 5083 homine
876 5014 1165 5085 libertatemloco-
1216 5032 1293 5084 runt
1322 5020 1364 5085 de
1394 5017 1577 5085 differentia
1605 5015 1874 5083 ceremonialium
1896 5028 1930 5082 et
1952 5015 2124 5084 moralium
2147 5018 2195 5085 le·

186 5101 331 5168 motivae
353 5103 521 5189 regendae
541 5124 628 5189 pene
649 5104 832 5194 integram,
854 5115 891 5171 ut
912 5115 1047 5192 regatur
1068 5105 1164 5172 disei-
1216 5128 1315 5195 gum:
1343 5108 1513 5188 imoptntm
1534 5105 1643 5178 iham,
1670 5124 1705 5165 er
1726 5104 1779 5167 rol
1797 5111 1989 5166 anteorten:
2016 5102 2196 5173 hlaximum

186 5183 288 5275 plina.
332 5186 380 5252 'l'u
404 5199 502 5274 potes
524 5188 688 5276 lmperare
710 5190 863 5276 pedibus,
885 5212 927 5257 ue
949 5201 1029 5257 eant
1045 5192 1164 5257 adma-
1189 5208 1193 5232 ¹
1216 5194 1408 5260 mandatum
1435 5193 1469 5258 in
1489 5188 1579 5279 lege,
1601 5201 1655 5258 est
1677 5210 1816 5257 servare
1838 5191 2034 5257 Sabbatum.
2080 5190 2195 5258 Phari·-

1949 5306 2008 5356 m!

886 1655 1033 1719 octriuae
1056 1651 1170 1719 Eccle·
1222 1672 1341 1719 versus
1364 1664 1575 1740 peccatum..
1597 1651 1738 1728 Quando
1761 1650 1819 1718 lex
1847 1650 2080 1739 perterrefacit
2101 1651 2205 1720 homl·
2287 1662 2301 1676 ²
