4620 5588
123 100 215 231 rear
642 208 645 215 .
705 122 708 127 ’
788 105 898 228 run.
921 157 1025 226 nnn.
1047 155 1235 225 scuram
1255 153 1521 223 marnoa
1747 132 1759 153 ⁶
2078 156 2166 226 rae.

30 434 32 438 ⁸
123 354 354 440 acceptatione
387 363 432 459 et·
452 350 651 458 remissique
677 360 910 435 necatorum:
936 349 1045 452 *ntiqui
1064 348 1106 413 in
1159 364 1230 411 eota
1251 345 1331 429 disp
1345 345 1391 409 iat
1411 345 1495 471 deq!
1526 344 1635 452 Quam
1655 359 1734 415 suut
1753 346 1895 451 lusores
1909 348 2162 457 horribileaiu'·

65 437 912 621 .natitant,initiabitur
934 431 1108 587 ιιιιι
1159 433 1654 585 neuim
1673 433 1981 591 iststuuae
2010 451 2046 504 ¹¹‘

121 614 176 702 gis
191 611 317 679 lucent:
341 631 456 718 omnes
474 624 587 711 terrram
603 625 701 677 erunt
724 611 821 676 beati.
844 610 974 712 Bonum
987 607 1107 692 princi·
1192 650 1197 655 -
1243 603 1326 708 brat
1359 624 1472 754 puqnn
1495 627 1546 709 ,ιιι
1564 626 1645 711 'ipso
1678 607 1732 712 die
1760 607 1936 717 Pasclrutis
1965 614 2029 677 sub
2060 608 2142 716 lulio

121 698 200 788 pule
222 710 255 765 et
276 695 496 765 substantiale
518 718 635 762 omnes
664 699 832 763 tenebant.
878 693 984 760 Maria
1005 694 1108 760 sentit
1159 689 1334 769 Pontifice,
1360 700 1392 753 et
1433 688 1639 759 laxrmrlrano
1661 715 1779 779 primo.
1823 702 1859 764 ln
1880 695 1937 762 ulla
1959 718 2073 784 pugna
2094 717 2142 762 ιιι·

120 806 264 875 magnos
287 799 398 851 motus
421 786 551 850 anintae
573 794 607 849 et
620 784 773 869 Spiritus.
802 783 903 849 Scitis
925 779 1108 847 aliudesse
1159 776 1301 842 terfecta
1322 789 1401 841 sunt
1424 780 1466 842 ad
1488 777 1599 844 ‘20000
1621 780 1799 847 bominum.

121 876 277 951 animam,
297 870 388 937 aliud
411 871 578 956 Spiritum.
1246 863 1322 927 Fuit
1348 864 1531 929 accerrima
1552 886 1667 954 pugna
1689 870 1851 949 omnium,
1883 891 1968 956 quas
1990 889 2054 934 nos
2077 889 2142 933 me·

1159 951 1328 1015 minimus:
1356 951 1525 1033 perieram
1546 955 1701 1040 utrinque
1721 955 1813 1020 muln
1834 968 2047 1040 praestantes
2070 956 2141 1020 viri.

1016 1092 1019 1097 .
1089 1051 1094 1059 ·
1159 1035 1234 1100 Non
1257 1035 1317 1101 iirit
1341 1048 1470 1101 tantum
1491 1038 1684 1122 dissipatio,
1707 1042 1768 1105 sed
1790 1063 1902 1128 pugna
1919 1043 2076 1120 stataria,
2098 1042 2142 1106 ad

1160 1120 1368 1187 Raverrnarn:
1389 1142 1427 1187 ao
1448 1126 1545 1188 irritet
1566 1126 1628 1190 der
1645 1123 1770 1211 Teuffel
1788 1131 1823 1193 in
1846 1148 1971 1215 genere
1986 1126 2141 1194 humano.

235 1254 348 1358 Quid
377 1266 441 1339 est
463 1265 581 1331 Anima
630 1254 679 1337 hr
726 1168 740 1271 ,Ι
767 1250 864 1337 Hb
965 1250 985 1334 «Β
1159 1206 1249 1273 Nibil
1270 1219 1323 1274 est
1343 1210 1498 1312 miserius
1521 1207 1669 1290 homine,
1698 1215 1832 1300 quando
1859 1236 1927 1281 non
1957 1217 2143 1283 custoditur

602 1285 629 1366 P
678 1282 736 1337 ²¹⁸¹
812 1280 959 1336 elaea
1159 1307 1192 1359 et
1218 1295 1407 1360 defenditur·
1433 1317 1454 1360 a
1475 1294 1562 1362 Deo.
1597 1295 1703 1365 Filius
1731 1298 1796 1365 Dei
1823 1299 1976 1387 intelligit
2005 1316 2143 1367 nostras

1159 1400 1300 1469 magnes
1318 1382 1479 1448 miserias.
1526 1383 1668 1457 Quando
1694 1386 1802 1451 Adam
1825 1386 1859 1452 la
1895 1408 1944 1452 us
1966 1401 2030 1466 est,
2048 1386 2143 1453 Deus

210 1473 317 1539 Adam
341 1486 475 1540 oreatus
497 1485 551 1538 est
573 1465 606 1538 in
629 1472 772 1537 animam
805 1472 992 1548 virentem,
1017 1467 1108 1535 scili·
1159 1481 1319 1533 aeternus
1337 1465 1439 1533 Pater
1455 1467 1590 1536 Domini
1607 1473 1714 1536 nostri
1736 1472 1813 1539 lesu
1831 1409 1967 1553 ollas,
1986 1487 2020 1539 et
2039 1472 2143 1539 Filius

124 1572 177 1627 cet
200 1561 268 1627 rita
290 1558 449 1626 naturalis
473 1559 643 1647 Significat
664 1578 782 1623 omnes
795 1558 898 1636 vires,
920 1576 980 1621 seu
994 1567 1108 1641 poten·
1158 1552 1235 1631 Dei,
1254 1565 1288 1618 et
1305 1555 1449 1638 Spiritus
1468 1570 1605 1621 sanctus
1629 1558 1857 1625 misericordia
1878 1562 1970 1639 moti,
1991 1558 2144 1626 iecerunt

122 1650 187 1713 ties
207 1648 340 1712 animae
362 1645 542 1712 naturales.
587 1647 656 1712 Sed
678 1645 837 1727 Spiritus,
861 1639 994 1709 catilla
1015 1641 1107 1706 novi·
1159 1641 1340 1718 decretum,
1362 1651 1399 1704 ut
1415 1643 1467 1705 sic
1484 1638 1713 1709 liberaremur.
1736 1641 1831 1711 illam
1851 1646 2014 1713 vilitatem
2026 1646 2145 1712 intelb-

123 1746 189 1814 tas,
210 1754 298 1819 quae
321 1735 358 1798 iit
379 1753 440 1820 per
461 1732 618 1818 Spiritum
640 1746 806 1809 sanctum,
828 1750 894 1816 quo
916 1727 1107 1794 sanetifica-
1159 1729 1219 1814 git,
1235 1727 1300 1793 dor
1320 1725 1381 1791 bat
1400 1726 1482 1792 Gon
1502 1729 1690 1825 amarem
1724 1730 1767 1796 Et
1785 1729 1932 1818 loquitur
1948 1735 1991 1798 de
2010 1735 2145 1799 obiecto

123 1842 208 1900 mur,
230 1831 266 1886 ut
287 1821 419 1886 dicitnr:
449 1819 547 1899 Quod
572 1826 684 1883 notum
704 1826 753 1884 est
774 1837 815 1883 er
835 1819 974 1901 spiritu,
1006 1815 1106 1899 spbt‘·
1157 1813 1323 1891 sauando,
1343 1815 1470 1878 nonde
1491 1819 1700 1901 merito,pro
1725 1829 1777 1882 ter
1797 1821 1889 1903 quod
1907 1821 2021 1886 idiiat.
2045 1817 2146 1885 Aliud

124 1915 184 1974 tna¹
198 1914 257 1971 ert.
287 1906 422 1972 Habitat
438 1904 532 1971 Deus
555 1908 587 1971 in
610 1906 708 1970 nobis
728 1907 786 1979 ita,
809 1914 846 1968 ut
868 1901 991 1967 efficiat
1013 1900 1107 1967 nori·
1157 1913 1211 1964 est
1244 1900 1413 1965 obiectum
1446 1903 1647 1983 curandum,
1686 1840 1724 1970 ul

122 2002 225 2063 tatem
247 1994 281 2057 in
301 1995 411 2059 nobis.
447 1989 506 2058 llla
532 1993 625 2057 initia
646 1991 806 2057 novitatis
828 1986 1018 2054 efficiuntur
1046 2004 1108 2071 per
1158 1987 1305 2072 quodid
1328 1984 1373 2050 fir.

124 2080 283 2165 Spiritum
305 2093 468 2147 sanctum.
513 2078 571 2144 Sic
598 2079 700 2164 igitur
723 2078 817 2143 dicits
845 2076 994 2142 stritus
1021 2093 1108 2138 mm
1245 2070 1465 2138 binomine
1498 2071 1613 2155 Deus,
1645 2075 1691 2141 ah
1712 2075 1857 2144 Domine
1889 2077 1966 2143 lesu
1999 2077 2145 2160 Christe,

123 2165 338 2235 inerarrabili
356 2166 480 2232 laetitia
499 2168 612 2250 gestit,
634 2163 833 2247 ἤγαιλάσαιιι.
878 2164 952 2227 deur
969 2163 1109 2226 uerbmu
1160 2159 1292 2243 respice
1319 2177 1408 2223 nnnc
1441 2179 1575 2246 quoque
1606 2175 1755 2228 nostram
1791 2161 1957 2231 vilitatem.
2013 2164 2145 2230 Videtis

124 2263 306 2336 usurpatur
327 2254 370 2317 de
393 2252 575 2330 Abrabam,
596 2252 660 2316 dar
676 2254 766 2316 einer
783 2252 913 2334 rptu'nyt
930 2243 1108 2329 lbrFreu·
1160 2241 1416 2311 inenarrabilem
1443 2244 1673 2313 infirmitatem
1719 2248 1825 2323 Quem
1843 2254 1940 2335 pauci
1956 2249 2147 2339 intelligunt

124 2340 199 2407 dea
232 2339 394 2405 Lceictas
414 2347 462 2404 est
485 2337 664 2414 Abrohom,
685 2346 722 2403 at
742 2339 870 2404 uideret
892 2337 976 2401 dicut
992 2352 1109 2399 meum:
1159 2330 1364 2399 doctrinam!
1387 2334 1502 2417 quanti
1520 2332 1653 2399 sorores
1676 2348 1755 2402 sunt
1776 2334 1970 2418 multorum,
1991 2335 2145 2423 multipli-

124 2426 252 2504 ldest,
279 2427 393 2512 gestiit
419 2423 559 2491 laetitia.
603 2424 746 2509 Spiritus
768 2424 876 2491 sancti
897 2433 1009 2489 motus
1032 2438 1124 2486 sen·¹
1161 2420 1244 2484 citer
1260 2420 1461 2484 turi-antium
1484 2420 1665 2487 veritatem.
1696 2421 1797 2489 Certe
1824 2425 1983 2490 debemus
2011 2443 2170 2512 gemere-

125 2512 269 2592 tiuutur,
295 2510 400 2579 Eincr
425 2508 558 2577 recitat
589 2517 676 2578 trost
692 2500 800 2594 libet
820 2527 905 2576 ιιιιιιι,
950 2505 1021 2597 Sed
1041 2526 1114 2575 uon·
1160 2514 1299 2592 propter
1332 2501 1416 2571 baec
1449 2502 1555 2586 nula,
1598 2520 1634 2574 et
1664 2528 1729 2575 nos
1762 2510 1945 2597 adiungere
1964 2513 2023 2578 ad
2054 2508 2146 2577 ibam

126 2594 564 2681 manumittebantur,
586 2599 643 2663 ubi
664 2608 732 2663 non
749 2607 801 2662 est
817 2593 1032 2683 poenitentia,
1052 2592 1128 2661 ubi·
1160 2593 1318 2677 optimam
1338 2592 1465 2676 ἔξαρχον
1487 2593 1585 2661 huius
1607 2597 1781 2676 carminis,
1803 2597 1856 2663 An
1877 2599 2005 2682 respuite
2024 2598 2147 2678 lsrael,

124 2704 199 2753 non·
215 2696 272 2752 est
293 2682 401 2751 dolor.
445 2684 521 2749 Non
543 2695 656 2768 potest
677 2686 775 2762 sciri,
831 2683 885 2748 uid
907 2683 952 2747 sit
971 2676 1109 2759 laetitia,
1160 2679 1289 2762 ιιιιοίριι
1310 2679 1436 2745 Israel:
1467 2679 1513 2743 ita
1535 2683 1662 2765 precati
1683 2694 1764 2750 sunt
1780 2686 1835 2750 isti
1851 2687 1962 2751 saneti
1978 2685 2144 2765 homiues,

125 2772 191 2839 uisi
207 2768 387 2838 cubatione
405 2769 569 2836 dolorum.
604 2768 680 2834 lsa
701 2771 814 2836 tribuit
860 2789 901 2834 co
919 2767 996 2845 hoc,
1011 2767 1109 2850 'quud
1162 2764 1357 2841 mainarius,
1375 2761 1565 2844 Elisabeth,
1590 2777 1624 2831 et
1644 2766 1709 2836 alii.
2180 2812 2189 2830 .

126 2866 186 2925 est
200 2858 324 2942 ipsius,
353 2853 497 2925 affirmat
524 2874 604 2921 esse
659 2856 690 2921 ei
698 2861 716 2936 ,'
738 2857 828 2942 quod
850 2865 904 2921 est
925 2851 1001 2919 Dei.
1044 2851 1125 2941 lid·¹
1246 2849 1296 2919 lta
1323 2871 1407 2937 ergo
1434 2848 1502 2917 hoa
1534 2850 1708 2921 Carrticmn
1737 2867 1790 2921 est
1822 2855 2011 2925 Gratiarum
2045 2859 2144 2926 actio.

149 2943 300 3013 citurde
323 2945 425 3009 totins
439 2939 614 3030 Ecclesiae
632 2941 846 3028 liberationes
868 2940 974 3009 Sicuti
987 2938 1110 3024 inquiet
1163 2936 1311 3009 Pertinet
1331 2938 1375 3001 ad
1395 2956 1504 3023 genus
1533 2937 1856 3021 Demonstrativum3
1889 2948 2034 3012 continet
2067 2966 2145 3011 nar·

157 3030 422 3112 amaricantium
447 3027 582 3095 bauto
602 3026 873 3113 aaarDcposuri
898 3031 1049 3113 potestte!
1070 3026 1128 3093 ds:
1162 3026 1344 3101 rationem,
1378 3043 1465 3109 quae
1496 3036 1549 3089 est
1582 3028 1716 3095 veritas.
1767 3029 1852 3095 Nam
1886 3030 2061 3096 Gratitudo
2090 3045 2153 3098 est.

128 3114 215 3183 aede.
249 3144 288 3181 ι,
317 3121 388 3180 „Ji
450 3142 455 3151 ·
507 3144 522 3157 ·’
596 3126 634 3175 .“
681 3174 684 3179 ,
1055 3174 1058 3179 ,
1162 3111 1364 3177 veritastet
1395 3111 1671 3194 postealustitia.
1716 3115 1850 3182 Veritas
1871 3114 2010 3197 fatetur,
2033 3140 2054 3183 a
2076 3124 2144 3203 quo

162 3207 198 3267 ξιτ
213 3199 541 3286 Memmtotaqdod
562 3203 669 3268 verba
691 3203 870 3286 praeterita
882 3203 954 3268 siut
967 3191 1110 3287 ἆὸριοτιι,
1162 3198 1205 3263 sit
1226 3208 1402 3281 acceptum
1424 3197 1637 3278 benclioium',
1668 3203 1764 3267 cuius
1785 3205 1830 3268 sit
1851 3222 1988 3270 munna:
2017 3205 2146 3271 lustitia
2168 3234 2175 3273 ε

128 3285 543 3373 hatnnr‘signtiieationem
557 3288 705 3354 continui
720 3289 889 3374 temporis.
917 3286 997 3353 cort
1011 3287 1113 3374 pfleqt
1163 3282 1290 3369 obligat
1320 3294 1352 3346 te
1382 3284 1528 3349 vicissim
1557 3286 1599 3351 ad
1628 3284 1741 3374 aliqua
1774 3287 1897 3383 offiqia.
1942 3289 2145 3377 Plerumque

127 3380 232 3443 'edcta
258 3372 352 3451 ilua,
386 3374 476 3457 quod
503 3370 592 3439 delet
624 3373 819 3461 Tyrannoa,
866 3387 900 3439 et
929 3372 1050 3438 liberat
1077 3386 1112 3439 et
1162 3383 1272 3436 autem
1294 3370 1327 3433 in
1349 3371 1529 3454 gratiarnm
1551 3374 1684 3440 actione
1706 3376 1803 3441 etiarn
1832 3380 1974 3460 petimus
2001 3375 2153 3462 aliquide-

127 3458 254 3526 exaltat
275 3458 481 3536 Ecclesiam,
504 3457 592 3525 delet
616 3461 824 3526 Pharaonem
847 3471 880 3525 et
899 3457 1030 3541 extollit
1052 3480 1112 3543 po·
1162 3455 1432 3523 commendamus
1456 3476 1519 3521 nos
1542 3455 1747 3526 benefactori
1769 3460 1828 3526 illi.
1858 3463 1906 3529 lta
1928 3484 2061 3550 quoque
2078 3483 2144 3531 nos

152 3543 241 3622 ulum
271 3544 392 3612 israel:
427 3542 515 3611 delet
540 3546 696 3626 Senium,
730 3558 763 3611 et
786 3545 911 3613 exaltat
937 3544 1109 3612 Davidem.
1162 3545 1287 3609 diserte
1324 3542 1485 3607 debemus
1518 3557 1633 3627 petere
1654 3567 1675 3612 a
1696 3545 1780 3613 Filio
1797 3547 1875 3616 Dei:
1903 3551 2041 3616 Demeae
2068 3551 2145 3616 Iesu

127 3568 331 3717 Decorus,
358 3632 667 3717 henotperpetuam
694 3630 924 3699 liberationem
951 3632 1131 3700 celebrata
1166 3628 1311 3707 cbristo,
1353 3640 1481 3713 rerptoe
1506 3633 1670 3697 tabariam
1701 3643 1867 3714 nostram,
1888 3639 1967 3703 abac
1986 3655 2063 3702 nost
2095 3639 2146 3702 sia

126 3718 433 3787 amdonitiones
450 3740 579 3785 summa
596 3722 662 3786 reis
679 3721 845 3802 succidit
863 3720 897 3791 id
916 3732 981 3799 est,
994 3720 1117 3797 erexit,
1161 3714 1367 3801 ἀντιλὴιπιιρ,
1396 3718 1449 3780 ein
1473 3716 1603 3791 liciter,
1625 3717 1806 3801 liberator,
1837 3736 2016 3789 recreator.
2062 3721 2147 3789 άπι-

126 3802 297 3874 liberavit:
324 3803 556 3890 eonrpleotitur
579 3807 695 3872 omnia
713 3806 903 3885 beneficia,
961 3826 1024 3872 uae
1051 3815 1111 3890 per
1163 3803 1327 3887 λαμβάνειν
1348 3800 1433 3869 bas!
1451 3801 1514 3884 offt
1532 3824 1652 3870 curare
1669 3828 1833 3912 corpora,
1853 3829 1943 3874 ιοιιιιιι
1963 3828 2040 3874 ιιιαιι
2056 3811 2148 3876 dena

128 3892 232 3960 lilium
256 3892 319 3959 Dei
335 3894 475 3970 dantur,
492 3912 559 3958 non
583 3906 708 3959 tautum
728 3891 924 3978 corporales
937 3827 1111 3958 liberatio·
1162 3891 1344 3955 exordium
1376 3891 1478 3963 uider
1509 3891 1665 3975 erquiolrt.
1710 3893 1756 3960 ba
1777 3897 1822 3961 ist
1847 3896 1911 3961 dar
1932 3899 2050 3975 cordi,
2082 3897 2148 3962 dae

23 4034 25 4039 .
128 4000 203 4057 nes,
225 3981 404 4046 sedetiam
427 3988 604 4045 aeternas.¹
884 4021 887 4029 -
1162 3977 1217 4042 die
1237 3974 1348 4042 Latini
1369 3975 1473 4042 babet
1491 3977 1642 4061 qemaolrt
1662 3999 1830 4060 asserere,
1850 4002 1939 4047 carm
1959 4001 2036 4047 ιιιιιιι
2055 3985 2148 4048 am

214 4056 373 4150 napea
399 4065 611 4131 ιιιιιιιιιιωι
632 4066 772 4132 mnae
798 4084 889 4131 aas
933 4040 1111 4131 numurus
1161 4063 1234 4129 nae
1253 4064 1288 4127 n
1310 4064 1531 4145 captivitatem
1574 4061 1698 4146 buret,
1728 4069 1797 4133 aa
1828 4071 1881 4133 aa
1912 4069 2059 4134 aaran
2133 4075 2148 4134 ι

33 4176 37 4181 ·
126 4172 194 4217 non
216 4152 384 4236 significat
406 4154 574 4230 virtutem,
597 4172 684 4240 quae
702 4163 844 4219 vocatur
859 4152 1112 4217 Graecesaan·
1161 4149 1230 4215 uad
1250 4156 1348 4214 retici
1369 4149 1437 4228 iia,
1459 4151 1521 4215 der
1541 4086 1627 4218 blant
1641 4153 1815 4231 Assertor,
1837 4158 1889 4221 ein
1912 4155 2036 4220 liciter.
2066 4155 2146 4221 Dia-

127 4238 315 4324 ιοφροσιὶγιις
343 4239 406 4303 sed
436 4237 605 4324 signifieat
634 4238 701 4305 hoo
721 4237 799 4302 loco
822 4236 993 4316 vilitatem,
1013 4254 1112 4300 ιιιιιεν
1164 4233 1262 4303 bolus
1285 4254 1347 4300 nos
1370 4238 1503 4302 seduxit
1525 4258 1546 4301 a
1562 4235 1637 4304 Deo
1659 4239 1693 4305 in
1716 4254 1881 4306 extremas
1898 4242 2061 4321 miserias,
2084 4243 2147 4306 sed

23 4344 32 4357 ·
127 4324 249 4392 etad
274 4324 437 4411 Loquitur
455 4325 503 4390 'de
523 4327 675 4404 obiecto,
708 4336 876 4412 tamquam
898 4319 1111 4391 desciuere.
1165 4324 1255 4388 venit
1286 4337 1439 4389 assertor
1460 4320 1636 4405 Christus,
1673 4328 1730 4413 qui
1758 4329 1856 4413 eripit
1888 4348 1950 4393 nos
1985 4326 2146 4405 Diabolo‚

70 4454 73 4461 -
126 4410 223 4479 Deus
238 4424 302 4498 per·
317 4410 578 4477 misericordiam
593 4432 700 4490 suam,
723 4432 790 4479 non
807 4424 946 4498 propter
961 4421 1113 4477 nostram
1162 4409 1295 4495 reponit
1329 4430 1391 4474 nos
1425 4412 1457 4476 iu
1481 4407 1589 4491 coelo,
1622 4412 1656 4476 in
1677 4427 1848 4480 aeternam
1875 4415 2147 4481 consuetudinem

128 4498 284 4565 virtutem
312 4498 451 4582 respicit
472 4509 620 4571 nostram
643 4494 819 4578 vilitatem,
839 4507 976 4564 nostras
996 4498 1113 4583 iugen-
1163 4494 1239 4562 Dei.
2175 4504 2181 4511 '

31 4636 34 4642 ,
126 4594 181 4651 tea
207 4586 371 4652 miserias.
416 4584 549 4664 Videte,
577 4606 678 4669 quam
705 4586 749 4651 sit
779 4602 833 4651 rea
856 4586 979 4653 misera
998 4581 1111 4648 bomo.
1197 4646 1200 4653 ,
1250 4579 1384 4652 Dictum
1406 4594 1516 4649 autem
1539 4597 1590 4648 est
1611 4582 1803 4671 aliquoties,
1824 4586 1915 4672 qnod
1929 4587 2036 4652 diaria
2056 4608 2147 4652 muu-

127 4669 270 4757 Qaa'ndo
293 4692 361 4737 non
383 4682 614 4737 sustentantur
635 4673 786 4738 homiues
809 4668 1113 4751 aDeo,hor1ibi-
1165 4669 1248 4735 aerit
1271 4686 1347 4732 com
1380 4665 1577 4735 Elisabetha
1608 4685 1677 4738 tres
1704 4694 1850 4739 nrenses.
1896 4670 2058 4746 Quaestio
2079 4684 2148 4738 est:

126 4752 204 4823 liter
224 4758 467 4824 interficiuntur
488 4779 509 4821 a
531 4755 686 4822 Diabolo.
726 4755 880 4846 Cogitate
901 4759 944 4823 de
966 4753 1032 4821 illie
1053 4775 1113 4840 po·
1164 4755 1244 4840 quid
1266 4755 1332 4819 isto
1354 4765 1503 4839 tempore
1520 4757 1567 4822 ibi
1587 4758 1680 4844 egit?
1707 4760 1910 4825 Arcessitus
1929 4759 1974 4824 ad
1996 4756 2148 4824 saltatio·

127 4842 274 4914 tentibus
295 4843 502 4921 hominibus,
524 4841 608 4909 lulio
621 4840 797 4925 -caews,
821 4842 974 4931 Philippo
1000 4840 1113 4907 Mace·
1163 4840 1244 4907 nesi
1266 4839 1480 4925 Respondeo.
1510 4842 1564 4907 Ad
1582 4846 1751 4911 conviviaz
1774 4858 1867 4911 certe
1887 4858 1921 4910 et
1939 4864 2148 4933 congressus

127 4929 228 5007 done,
252 4927 445 4997 Alexandro
467 4928 615 5014 Magno,
635 4927 875 4998 Tberuiatoola:
904 4938 963 4996 uie
983 4930 1032 4994 rie
1051 4928 1114 4993 der
1164 4927 1327 4995 honestos
1345 4930 1494 4994 accessit
1513 4941 1548 4995 et
1570 4929 1662 5016 ipae.
1681 4942 1716 4996 et
1736 4929 1925 4998 Elisabeth.
1968 4933 2036 4999 Sed
2057 4930 2149 4999 aliud

130 5014 257 5098 Tatffei
275 5017 334 5083 Ιιιιι
353 5016 545 5103 mobida.
589 5014 703 5083 linunt
722 5017 758 5082 iu
774 5029 948 5084 aeternum
968 5015 1114 5092 exitiurn,
1164 5025 1218 5078 est
1238 5014 1354 5080 venire
1374 5018 1418 5080 ad
1440 5016 1594 5084 convivia
1616 5015 1774 5083 honestat
1794 5017 1885 5084 aliud
1907 5029 2064 5104 expetere
2080 5019 2149 5086 aul·

127 5102 422 5171 enotabantur-iu
443 5103 533 5170 omni
553 5103 763 5171 aeternitate.
813 5102 920 5169 Weicb
940 5102 1114 5186 diapras-
1163 5101 1319 5167 tatium
1361 5102 1428 5168 Die
1459 5104 1528 5170 uite
1555 5111 1633 5188 pets
1664 5103 1764 5170 Fran
1789 5108 1834 5171 iet
1853 5104 1943 5170 eicit
1962 5126 2033 5173 m
2058 5114 2149 5175 trau

1721 1904 1777 1970 iud
1805 1907 1974 1987 metitum,
2007 1918 2146 1992 propter
2264 1972 2269 1979 ,
