4620 5588
168 192 237 266 rot
855 155 1074 267 rosnnna
1097 156 1495 269 nananrnomsns.
1688 172 1697 187 '
1941 181 1943 185 ’
2036 232 2042 237 -
2085 178 2194 269 no

146 386 379 463 'Ecclesiam
418 384 572 453 christus
617 384 688 452 vnlt
720 408 785 452 nos
819 406 898 455 esse
929 401 1087 455 externae
1118 401 1152 456 et
1205 400 1353 454 nostrae.
1408 387 1451 453 Et
1484 402 1536 456 est
1567 392 1689 455 concio
1722 388 1928 457 dulcissima.
1983 389 2055 476 iper
2093 390 2186 460 addit
2220 425 2223 431 ·

168 472 310 542 risibilis
342 472 520 540 Ecclesiae
552 476 707 540 membra
771 473 848 540 Non
887 477 1060 563 cogitetisr
1102 477 1155 539 iai
1205 477 1362 540 vitamet
1393 487 1503 541 actum
1532 474 1610 542 buic
1639 477 1810 542 materiae.
1855 477 1953 552 Quod
1984 478 2123 545 incurrit
2150 480 2186 548 in

168 561 238 623 «aila
259 560 376 639 Italian,
398 563 456 621 wie
472 560 523 623 iclr
539 560 614 640 will,
647 561 713 624 rard
733 559 802 622 will
818 561 922 624 arcto
942 585 977 624 nr
1005 562 1080 625 idun
1100 560 1154 625 Itu·
1205 559 1340 640 aculae,
1359 573 1413 626 est
1435 561 1611 628 iucundum
1633 576 1665 627 et
1690 575 1831 648 gratum.

117 684 120 692 ,
169 647 227 712 ben
247 651 304 709 mit
321 647 382 708 aar
400 647 532 729 pfnffan.

257 734 326 797 Dat
357 732 477 815 ltorpiti
509 733 591 795 dnos
622 732 795 814 denariae]
839 732 894 795 Do
926 733 1024 797 nebat
1054 734 1151 808 molt,

171 842 292 909 caupo,
319 821 409 907 quod
427 830 479 885 cst
496 816 698 886 vocabulum
720 840 846 885 sonans
881 820 912 886 in
936 818 1056 887 malam
1078 842 1153 907 par·

168 918 251 1074 llll
271 904 529 1057 diffidi*
544 904 1153 1078 ttfflttt‘t'itttttinttl
1432 954 1494 1022 Ε]
1536 957 1643 1024 nn
1687 955 1955 1023 amasam.

168 1081 213 1145 fri
241 1083 291 1142 cin
323 1078 475 1141 ebrlicnar
506 1100 604 1140 nnana.
659 1078 750 1142 Daca
781 1079 952 1162 marion]
1008 1078 1151 1161 Videris,
1176 1087 1177 1090 ’

170 1186 268 1255 quarn
290 1186 393 1254 parce
414 1166 565 1233 homines
595 1165 755 1242 vixerint;
787 1166 866 1252 quia
887 1162 945 1232 illa
977 1182 1152 1233 sumuntur
1290 1161 1327 1228 ln
1350 1163 1504 1231 omnibus
1524 1161 1697 1244 affectibus
1718 1163 1871 1231 humanis
1893 1175 1946 1229 cst
1956 1161 2081 1251 aliquid
2102 1150 2185 1237 stul·
2282 1161 2285 1167 ’

169 1273 191 1318 a
213 1253 376 1318 communi
399 1272 502 1317 more.
537 1252 578 1318 10
600 1254 726 1318 denarii
748 1264 826 1316 sunt
846 1273 932 1318 unus
955 1265 1153 1331 coronatus3
1206 1249 1309 1316 titiae:
1333 1248 1435 1312 Liada
1452 1249 1536 1322 mili,
1558 1249 1654 1314 stulto
1676 1271 1763 1314 nemo
1780 1252 1814 1311 ln
1835 1271 1938 1313 ornere
1960 1255 2055 1335 sapit·
2100 1248 2185 1320 Vult

167 1335 301 1406 8sunt
336 1337 533 1404 loachinms.
598 1338 691 1424 Ergo
735 1339 826 1405 dedit
859 1340 890 1405 ei
932 1339 1151 1424 quadrantem
1203 1334 1271 1400 hoc
1292 1336 1405 1403 dicere
1422 1335 1537 1420 Poeta,
1559 1339 1649 1425 quod
1671 1338 1704 1403 in
1726 1337 1815 1403 omni
1835 1356 1950 1404 amore
1961 1338 2006 1405 sit
2026 1336 2181 1407 stultitias

168 1421 371 1503 loacbimici,
403 1424 449 1487 So
470 1425 535 1486 viel
551 1431 665 1487 cazat
686 1428 772 1490 einer
794 1428 882 1491 einen
900 1425 992 1490 niort
1011 1428 1045 1488 in
1067 1427 1153 1491 einer
1204 1423 1333 1488 etiamsi
1365 1425 1451 1488 enim
1473 1420 1593 1509 aliquis
1626 1423 1779 1491 ordinate
1809 1435 1910 1505 amat,
1942 1434 2052 1492 tarnen
2084 1422 2184 1494 simul

171 1510 333 1574 ndticlea
353 1511 501 1593 deleme
517 1515 573 1574 vait
596 1516 692 1576 cinam
709 1511 834 1597 pferde
1203 1521 1282 1574 sunt
1301 1509 1446 1595 ineptiae
1466 1507 1608 1597 aliquae.
1652 1508 1721 1579 Sed
1744 1510 1776 1574 in
1804 1506 1940 1576 Cbristo
1961 1531 2078 1577 omnes
2106 1509 2185 1581 effe·
2198 1541 2216 1576 x

468 1607 471 1610 ⁴
588 1590 597 1609 ‘
1205 1606 1280 1660 ctos
1313 1605 1391 1661 sunt
1427 1597 1500 1684 puri
1539 1612 1572 1662 et
1610 1595 1767 1663 ordinati:
1812 1596 1885 1664 sine
1923 1598 2002 1665 vitio
2043 1595 2111 1667 ullo
2150 1609 2203 1675 et.

1203 1680 1257 1746 ine
1282 1682 1346 1745 tiis.
1813 1736 1816 1741 .
1860 1746 1863 1751 ,
2187 1683 2191 1687 ’

247 1824 253 1845 x
1257 1703 1422 1850 pumen
1448 1781 1482 1833 et
1515 1768 1654 1834 Scnbae
1687 1764 1850 1835 ornarunt.
1912 1768 2051 1837 Scrihae
2084 1765 2212 1858 signi·¹

329 1915 341 1933 ,
423 1915 433 1932 ‚
494 1915 503 1931 ‚
669 1915 678 1931 ,
720 1915 729 1932 ,
1010 1913 1036 1931 „
1202 1851 1306 1920 licant
1322 1871 1498 1938 personas,
1515 1874 1602 1940 qnae
1623 1851 1756 1921 fumant
1776 1855 1811 1918 in
1833 1851 1958 1936 officio,
1976 1856 2082 1939 idest,
2105 1877 2184 1925 con·
2277 1866 2282 1872 '

252 1912 374 2023 ,de
402 1915 631 2026 slgmficant
667 1928 730 1997 nn
767 1913 851 1997 duo
883 1914 1065 1998 denam?
1202 1938 1401 2009 sistoriales.
1444 1942 1588 2022 Nonacri,
1605 1942 1638 2006 id
1660 1952 1723 2012 est,
1755 1941 1933 2021 doctores,
1954 1944 2027 2009 siva
2048 1939 2182 2015 fueruat

442 2065 449 2079 ·
1201 2026 1235 2093 in
1257 2022 1383 2108 allicio,
1405 2028 1479 2093 slve
1510 2048 1592 2108 non,
1623 2038 1658 2093 ut
1689 2025 1791 2114 aliqui
1825 2029 1983 2095 doctores
2017 2030 2183 2111 dicuntur,

1202 2114 1257 2199 qui
1279 2123 1389 2179 tamen
1413 2134 1480 2180 non
1502 2127 1579 2180 sunt
1600 2115 1633 2183 ia
1656 2108 1769 2180 officio
1792 2113 2029 2182 consistoriali.
2057 2114 2186 2179 Nomici

1201 2210 1253 2264 cst
1286 2197 1525 2269 scholasticum
1557 2219 1679 2266 nomen
1720 2200 1912 2278 doctorumt
1944 2203 2033 2271 sicut
2066 2198 2184 2270 inille

1201 2296 1303 2373 gente
1321 2287 1354 2351 in
1372 2286 1486 2373 primis
1508 2289 1660 2354 studiosa
1682 2297 1715 2352 et
1738 2287 1878 2367 erudita,
1899 2307 1967 2355 non
1985 2289 2119 2357 dubium
2130 2302 2183 2355 εει

254 2147 453 2218 bonam
476 2151 599 2217 veteris
631 2161 666 2215 et
686 2148 773 2213 Nori
796 2146 1010 2230 Testamenti,
1043 2147 1151 2215 libras

168 2233 392 2321 Pnplreticcss
407 2248 440 2300 et
460 2232 689 2322 Apostolicos.
732 2235 771 2297 ai·
791 2235 868 2319 qaid
889 2237 924 2297 in
939 2255 1035 2318 saper
1054 2256 1151 2317 erpo·

168 2325 284 2397 ιιιενὺ,
312 2344 372 2405 epo
405 2323 530 2389 reatem
562 2322 680 2385 solcum
705 2322 775 2389 tibi.
820 2323 893 2384 Das
918 2325 962 2385 ist
983 2325 1033 2387 eia
1053 2321 1151 2386 rcddn

170 2410 306 2481 mm
336 2410 383 2473 ἀ.
401 2409 457 2472 W
479 2431 549 2470 mm
571 2409 633 2470 de,
650 2430 711 2471 m
733 2409 885 2490 hwa
918 2408 963 2473 d·
993 2411 1150 2491 opem
1201 2372 1294 2438 viros
1315 2370 1521 2441 excellentes
1543 2374 1696 2443 doctrina
1712 2369 1817 2440 foisse
1833 2373 2180 2457 inomnlbusartibns.

167 2497 485 2584 “mmmm
1201 2457 1276 2525 Non
1299 2461 1444 2546 cogitate
1461 2456 1566 2529 fuisse
1587 2459 1788 2540 barbariem,
1810 2472 1844 2527 et
1864 2461 2029 2527 inscitiam
2043 2459 2183 2547 similem

1202 2546 1246 2625 ei,
1265 2567 1352 2632 quae
1375 2560 1427 2615 est
1449 2550 1484 2615 in
1511 2546 1641 2615 ludaeis
1674 2545 1844 2615 erroribus
1871 2558 1988 2614 nostro
2022 2558 2183 2634 tempora,

1201 2633 1258 2720 qui
1289 2644 1453 2718 vagantur
1484 2635 1518 2699 ln
1541 2632 1730 2713 Germania,
1763 2643 1796 2698 et
1828 2644 1908 2698 sunt
1938 2629 2182 2717 foeneratores,

1145 2738 1156 2758 ·
1202 2731 1234 2785 et
1256 2719 1481 2803 impostores3
1514 2720 1559 2785 lbi
1580 2717 1642 2786 fuit
1680 2716 1784 2800 olitia,
1816 2720 1850 2784 in
1872 2740 1938 2806 qna
1959 2717 2094 2787 fuerunt
2125 2722 2182 2789 do·

262 2861 267 2871 .
1202 2805 1245 2871 cti
1267 2817 1301 2871 et
1323 2806 1432 2873 sancti
1452 2807 1523 2875 viri.
1591 2806 1659 2873 Zac
1721 2806 1773 2872 ias
1804 2802 1867 2872 fnit
1898 2808 1972 2872 sine
2003 2807 2103 2873 dnbio
2127 2808 2182 2877 es·

166 2896 278 3002 Quid
308 2898 520 2983 nominant
550 2897 740 3010 Papistae
781 2926 906 3013 opera
937 2928 1149 3013 superero.
1201 2887 1327 2956 callens·
1350 2894 1413 2972 vir,
1444 2905 1478 2959 et
1510 2894 1655 2960 Simeon.
1721 2891 1863 2959 Caetera
1894 2889 2027 2959 fuerunt
2049 2893 2183 2964 nomino

184 2995 186 2999 ·
698 3054 706 3070 ι
1199 2974 1433 3063 professionis,
1454 2991 1487 3044 et
1508 2992 1695 3048 sectarumr
1715 2981 1793 3086 quia
1813 2976 1956 3064 popnlm
1979 2975 2041 3045 fuit
2063 2981 2182 3050 distra-

556 3054 755 3166 gatioms'l
1200 3075 1275 3131 ctus
1320 3067 1353 3131 io
1396 3077 1526 3146 sectas,
1570 3080 1606 3134 ut
1638 3065 1881 3146 Pbansaicam,
1922 3066 2182 3149 saducaeorum,

1199 3148 1412 3218 Essaecrum.
1447 3151 1497 3219 Co
1523 3155 1613 3230 itate,
1636 3164 1758 3239 quanta
1780 3153 1824 3216 sit
1845 3153 1980 3218 miscria
2000 3154 2034 3219 in
2055 3151 2180 3242 populo

438 3276 452 3302 .
1170 3280 1174 3327 t
1199 3234 1273 3316 Dei,
1294 3238 1328 3303 in
1350 3235 1409 3305 illa
1425 3176 1650 3324 pulclrerrima
1671 3235 1785 3326 politia
1818 3258 1897 3305 csse
1926 3251 2052 3307 tantam
2073 3236 2181 3307 multi·

250 3325 362 3410 Opera
393 3344 462 3389 non
488 3325 600 3390 debita
622 3321 700 3410 lege
722 3321 798 3404 Dei,
831 3336 865 3390 ει
897 3323 1011 3390 dicunt
1044 3320 1148 3392 multu
1170 3330 1174 3345 ⁸
1198 3324 1344 3390 tudinem
1366 3325 1587 3410 profitentium
1608 3336 1714 3390 tetros
1736 3344 1870 3391 errores
1899 3338 1933 3392 et
1954 3322 2180 3413 blasphemias

164 3413 207 3478 da
228 3431 291 3477 sua
312 3408 534 3496 perfectione3
567 3412 628 3474 sed
661 3407 846 3476 refutantur
875 3431 936 3496 per
957 3409 1023 3476 boc
1045 3433 1145 3478 unum
1196 3409 1229 3474 in
1253 3409 1373 3477 Deum.
1402 3410 1504 3498 igitur
1520 3434 1587 3478 non
1609 3414 1765 3477 miremur
1786 3412 1864 3490 iam,
1910 3413 1977 3478 uod
1999 3424 2077 3478 sunt
2099 3408 2180 3479 mul·

163 3499 303 3564 dictumz
336 3498 470 3560 Fnutrn
503 3514 549 3558 me
582 3495 688 3558 cubent
708 3498 868 3560 marrdntis
894 3497 1058 3562 boninum.
1102 3497 1146 3565 Et
1196 3505 1251 3562 tae
1274 3499 1392 3564 turbae
1414 3511 1448 3564 ει
1469 3497 1646 3574 haeresem
1680 3509 1713 3563 et
1739 3517 1873 3563 oremus
1922 3497 2009 3564 ilium
2034 3498 2114 3578 Dei,
2144 3512 2181 3565 nt

163 3582 319 3650 Christus
348 3605 416 3650 non
449 3583 595 3670 loquitur
628 3585 670 3649 de
702 3580 770 3648 illis
803 3586 902 3690 nugis
942 3596 975 3649 et
1007 3582 1145 3671 phanta
1169 3636 1174 3667 ,
1196 3595 1311 3650 servet
1343 3603 1419 3664 noS,
1463 3585 1621 3651 ostendat
1653 3583 1798 3663 Patrem,
1842 3597 1875 3648 et
1915 3585 2017 3651 ducat
2048 3605 2114 3650 nos
2145 3584 2180 3653 in

55 3718 65 3732 .
163 3671 257 3737 sticis
280 3666 441 3737 cultibus:
473 3671 512 3733 St
533 3670 612 3753 qnid
629 3674 829 3752 exponaris:
857 3672 891 3736 nl
912 3682 977 3750 est,
999 3691 1064 3758 ego
1086 3693 1145 3737 ero
1196 3690 1328 3737 omnem
1356 3672 1547 3751 veritatem,
1580 3682 1613 3737 et
1644 3667 1787 3737 lactetur
1819 3671 1892 3758 ipse
1924 3671 2180 3739 conservatione
2229 3690 2232 3695 ’

162 3759 294 3824 adiutor
315 3758 374 3823 tibi
404 3767 438 3822 et
455 3755 637 3846 opitulator
669 3758 703 3823 in
726 3754 881 3844 periculis
915 3769 950 3823 et
983 3755 1145 3825 consiliis.
1196 3757 1402 3845 quarundam
1423 3753 1484 3823 reli
1510 3759 1639 3824 uiarum
1657 3758 1745 3824 inter
1766 3779 1841 3824 nos.

161 3843 324 3930 Loquitur
345 3844 389 3909 de
408 3845 617 3930 expositione
649 3844 763 3910 debita
795 3840 981 3911 defensioni
1009 3847 1145 3932 dogma·
1266 3842 1416 3929 Semper
1436 3780 1614 3932 irrtlalligite
1641 3840 1913 3923 Consiston'ales,
1944 3845 2077 3994 puando
2099 3840 2179 3935 legi·

161 3941 242 4011 tum,
263 3930 306 3996 de
328 3930 470 3998 consilio
492 3934 525 3997 in
548 3933 801 4019 gubernatione,
823 3926 1025 4015 etpericulo,
1048 3945 1082 3998 et
1103 3932 1146 3998 de
1197 3931 1239 3996 tis
1262 3932 1304 3998 de
1325 3931 1451 3996 smilis:
1474 3930 1550 3999 Fuit
1571 3931 1659 4017 apud
1680 3929 1758 3998 illos
1782 3951 1867 4018 opus
1890 3952 1946 3996 mu
1959 3932 2178 3997 tisconsisto·

161 4017 340 4104 indigentia
357 4029 486 4100 nostra,
516 4019 569 4084 cui
602 4015 683 4085 velit
701 4012 872 4104 opitulari:
907 4016 949 4083 Ut
981 4016 1048 4085 iam
1068 4029 1146 4104 sunt
1194 4018 1263 4083 riis.
1291 4016 1345 4084 De
1366 4016 1419 4082 his
1441 4017 1577 4087 dicitnr:
1605 4018 1670 4083 Vae
1690 4018 1787 4091 vodis,
1810 4020 1865 4102 qni
1882 4016 1987 4096 salsas
2007 4021 2180 4105 rerrtentinp

160 4102 264 4173 multa
285 4101 448 4191 pericula,
479 4117 512 4171 ει
539 4104 572 4170 in
605 4104 798 4192 dogmatum
831 4101 1027 4189 defensione
1060 4125 1145 4191 opus
1194 4103 1342 4203 peribitis.
1386 4103 1495 4170 Etiam
1516 4126 1605 4173 nunc
1626 4105 1740 4171 nervis
1762 4124 1848 4190 opus
1871 4115 1963 4169 esset
1991 4116 2109 4171 contra
2129 4105 2179 4183 iu·

162 4192 535 4277 estcircnmspectionc.
559 4190 626 4257 See
652 4193 730 4271 elit,
752 4208 790 4257 ut
811 4193 901 4256 bona
912 4212 1037 4259 caussa
1058 4190 1146 4258 male
1195 4191 1402 4270 obedientes,
1424 4202 1460 4258 ut
1482 4204 1573 4257 essct
1593 4193 1699 4257 maior
1721 4187 1914 4276 disciplina:
1936 4192 1996 4259 sad
2013 4204 2092 4257 sunt
2112 4191 2179 4261 iani

161 4278 293 4365 egendo
316 4271 556 4363 corrumpatur.
630 4300 672 4360 po
700 4277 895 4361 persolvam,
927 4280 961 4345 in
985 4278 1033 4344 uit
1054 4277 1146 4344 Chri·
1195 4275 1371 4344 Ecclesiae
1393 4278 1467 4343 sine
1488 4274 1636 4344 consiliis
1669 4290 1702 4346 et
1726 4279 1946 4344 consistoriis.
1989 4276 2086 4344 lllulti
2119 4298 2178 4355 vap

162 4375 248 4442 stus,
280 4385 344 4452 ego
378 4385 436 4430 ero
470 4361 662 4452 opitulator,
693 4385 811 4453 regam
844 4384 919 4431 vos:
997 4367 1146 4449 birroque
1194 4361 1268 4431 lunt
1290 4365 1440 4449 privator
1465 4366 1602 4431 arbitrio
1638 4366 1935 4434 excommunicare.
2001 4363 2100 4449 Lapis
2121 4368 2195 4448 pei

161 4458 250 4515 errent
271 4451 335 4513 dno
358 4459 414 4514 ant
435 4457 500 4513 tres
516 4454 703 4533 conprepoti
722 4455 756 4513 in
777 4454 899 4513 normna
918 4471 996 4524 meo,
1030 4472 1084 4513 cro
1110 4454 1144 4513 in
1193 4451 1275 4514 ritas
1295 4448 1483 4539 intelligite,
1504 4472 1590 4539 quos
1617 4453 1825 4518 nominamus
1857 4473 1922 4519 nos
1956 4444 2176 4521 Iurisconsul-

161 4538 263 4600 medio
289 4559 405 4602 coram.
448 4537 510 4604 Est
537 4539 716 4623 promissio
742 4559 804 4624 pro
826 4538 1007 4625 indigentia
1029 4550 1145 4605 nostra
1195 4548 1266 4614 tos;
1322 4557 1497 4623 numquam
1529 4539 1636 4604 nostri
1667 4540 1775 4626 magis
1809 4549 1986 4605 versantur
2017 4540 2051 4603 in
2084 4535 2175 4609 soror

160 4625 195 4691 ln
228 4624 379 4690 consiliis
413 4636 446 4691 et
479 4624 652 4711 periculis:
686 4625 762 4690 Non
784 4636 837 4691 est
867 4625 1050 4711 promissio
1105 4645 1143 4689 ro
1195 4624 1286 4690 sed‘
1315 4625 1442 4690 ierant
1463 4635 1529 4692 tarn
1554 4646 1630 4691 uam
1654 4623 1861 4707 Cmonirtae,
1893 4636 1989 4693 erant
2019 4644 2174 4693 assesso·
2226 4690 2231 4703 „

163 4708 307 4777 cultibus
328 4731 397 4778 nnn
419 4712 597 4792 mandatis,
617 4733 679 4797 pro
712 4711 935 4798 phantasticis
963 4733 1040 4779 mon
1108 4732 1144 4778 o·
1195 4732 1252 4779 res
1273 4712 1469 4785 scribarum.
1490 4733 1512 4776 v
1565 4711 1721 4781 indicunt.
1752 4784 1753 4788 ,
2230 4706 2234 4724 Χ

161 4818 235 4865 rum
253 4808 286 4861 et
306 4795 512 4869 inatibilibus
534 4799 840 4865 observationibus.

249 4883 484 4965 Facrimr‘lr'terq
529 4884 629 4951 Scias
662 4882 753 4950 illum
776 4904 853 4951 esse
870 4884 1068 4969 proximum,
1091 4883 1144 4951 onl

161 4981 260 5057 potes
282 4969 494 5052 bemfaccre,
527 4983 560 5038 et
582 4975 716 5058 quando
732 4983 841 5059 potes.
886 4969 945 5036 Sic
967 4971 1146 5037 conciona-

160 5067 215 5126 tur
240 5054 394 5126 cbristus
416 5061 457 5129 de
479 5060 650 5146 proximo,
674 5070 707 5126 et
741 5054 934 5144 complexus
962 5068 1016 5123 est
1047 5028 1174 5148 simull
1221 5142 1227 5149 ·

161 5153 277 5232 typum
320 5139 438 5233 lapsus
481 5147 616 5232 generis
653 5144 787 5212 humani
830 5155 864 5212 et
907 5142 1145 5228 redemptionis

1619 4875 1624 4883 ι
