4620 5588
168 214 234 284 etr
300 228 303 237 ·
372 283 374 289 ,
862 210 1082 278 rosrmmr
1098 209 1500 278 nraunnrnonrnnn.
1686 291 1688 294 ,
1805 190 1853 314 ,’
2119 214 2189 284 ste

169 416 204 472 et
224 401 304 471 velit
324 404 370 469 ibi
385 400 547 480 invocari,
571 395 649 479 coli,
671 411 705 466 et
726 401 895 479 exaudire,
918 413 951 465 et
973 398 1054 467 velit
1073 420 1151 467 esse
1204 399 1287 479 curi,
1309 400 1415 469 voluit
1436 403 1481 468 ibi
1504 421 1581 468 esse
1603 400 1773 486 publicum
1796 403 2023 469 ministerium.
2048 404 2085 470 Si
2108 405 2187 490 quio

168 491 306 569 efficax,
340 501 508 574 tamquam
541 486 586 551 ibi
617 489 727 574 magis
748 506 913 571 praesens
936 508 1036 573 quam
1058 485 1150 555 alibi.
1202 486 1372 555 affirmare
1394 486 1572 570 voluisset,
1595 491 1685 575 qnod
1706 487 1803 555 Deus
1830 491 1986 556 iussisset
2012 488 2084 556 fieri
2102 495 2183 558 adc-

167 578 233 643 Dte
249 577 378 642 Heiden
398 575 501 641 buben
521 574 705 659 imaginirtr
728 572 809 638 Gctt
829 575 896 638 wilt
914 574 990 647 dieb
1012 574 1151 641 crimen
1202 574 1364 640 rationem
1386 576 1421 640 in
1443 577 1507 642 alic
1529 573 1620 655 loco,
1642 571 1697 642 vel
1718 577 1748 641 si
1759 577 1834 663 quis
1846 575 1926 642 alibi
1942 577 2102 664 templum
2124 600 2188 647 no·.

167 666 212 730 ad
234 660 323 728 illam
346 673 499 728 statuam.
544 657 686 733 Quando
706 657 800 747 Sylla
823 663 855 725 in
873 659 1014 726 Boeotia
1031 658 1093 726 fuit
1114 663 1148 726 in
1201 682 1279 727 vum
1303 663 1515 742 exstruisset,
1537 665 1566 728 is
1591 672 1710 728 contra
1729 660 1839 752 legem
1861 675 2051 749 peccasset.
2082 662 2184 730 Aliud

109 771 118 781 ¹
167 769 291 836 magno
303 750 515 845 discrimine,
535 745 593 812 bat
615 765 653 811 er
674 749 765 812 einen
783 755 897 832 putten
915 747 1078 813 ambeise
1097 769 1148 833 pe·
1201 758 1254 813 est
1275 749 1362 813 enim
1382 745 1476 835 loqui
1498 751 1541 815 de
1562 745 1697 834 publico
1710 751 1903 831 ministerio,
1922 749 2015 816 aliud
2036 752 2080 817 de
2101 772 2183 838 quo·

167 836 257 914 batt,
279 832 490 921 Apollinem:
512 843 589 898 eum
611 832 786 900 osculatus
809 844 872 908 est,
891 843 925 898 et
946 833 1044 899 dixit:
1066 833 1148 900 Exe-
1200 852 1332 922 cunque
1352 831 1444 914 loco,
1467 836 1501 900 in
1524 858 1591 922 quo
1615 855 1742 902 sumus.
1885 919 1887 923 y

167 923 291 988 crubor
311 930 344 987 et
364 921 515 986 obiiciant
537 927 579 999 te,
602 921 670 985 ntra·
688 920 860 987 sueveras
880 940 935 986 me.
979 920 1056 987 Non
1073 939 1150 986 sen·

166 1010 212 1074 sit
234 1028 313 1074 esse
334 1008 453 1088 Deum,
487 1007 548 1071 sed
569 1006 696 1091 putavit
712 1025 751 1072 se
774 1006 935 1085 exaudiri,
964 1008 1147 1073 intuentem
1445 1014 1556 1097 Arca
1589 1015 1688 1125 quid
1719 1013 1941 1128 significati

165 1094 264 1162 istam
286 1105 430 1162 statuam
463 1090 519 1159 vel
541 1093 786 1159 exauditionem
809 1112 889 1160 esse
911 1089 1081 1181 alligatam
1102 1094 1147 1160 ad
1215 1133 1221 1141 -

164 1181 262 1247 istam
285 1191 440 1247 statuam.
483 1179 560 1245 Das
581 1178 656 1244 died
678 1180 780 1264 impii,
803 1180 969 1261 damnati,
988 1179 1148 1246 horrendi
1289 1177 1489 1248 Ecclesiam.
1561 1203 1563 1208 ⁴

166 1263 286 1334 cultus.
331 1267 389 1333 Sic
417 1266 513 1331 etiam
540 1267 648 1331 nostri
674 1264 845 1344 homines,
873 1286 941 1330 non
968 1276 1149 1332 senserunt

163 1349 242 1417 illas
265 1363 395 1460 statuas
419 1352 664 1456 esse-numina,
687 1353 748 1417 sed
770 1352 860 1438 quod
878 1351 974 1459 Deus
995 1351 1077 1419 velit
1097 1353 1147 1418 in·
1348 1356 1460 1462 ijd
1491 1358 1618 1442 debet
1648 1387 1738 1442 esse
1768 1358 1812 1441 in
1841 1358 2046 1445 Ecclesia?
2134 1428 2139 1437 ,

163 1452 278 1506 vocatr
299 1440 357 1544 μὴ
390 1449 424 1544 et
446 1434 512 1504 cole
533 1435 720 1541 illocultu,
754 1449 787 1504 et
809 1439 981 1519 exaudire,
1003 1450 1037 1504 et
1057 1438 1148 1525 quod
1569 1524 1577 1542 .
1870 1525 1879 1543 .

162 1521 692 1697 littidflgttddidt?
712 1535 891 1680 ditm.
923 1525 992 1688 ..ii
1012 1524 1148 1676 tid
1283 1520 1446 1604 nm,
1470 1525 1634 1604 ‘¹⁰⁰‘”¹'⁸’
1656 1525 1797 1591 “mm
1814 1521 1891 1590 ⁰⁰¹·

162 1694 273 1763 Deum
306 1699 352 1762 ibi
380 1697 567 1802 exaudire,
586 1699 649 1763 sed
680 1694 851 1803 Christum
872 1699 973 1764 etiam
993 1695 1149 1804 localiter
1400 1701 1518 1807 Quae
1548 1732 1613 1787 res
1643 1702 1748 1815 tegit
1779 1701 1982 1787 Eeclegia?

163 1780 330 1851 inclusum
348 1803 439 1856 esse.
485 1784 531 1850 lic
551 1791 595 1849 est
617 1803 655 1850 eo
674 1783 862 1862 scbcusbcb,
884 1785 966 1850 dass
985 1783 1039 1850 tob
1058 1783 1149 1849 nteit
1170 1827 1175 1849 .

164 1869 275 1945 dcccc
295 1870 396 1936 reden
416 1889 508 1955 moy:
529 1870 606 1936 Non
628 1869 771 1937 libenter
793 1872 835 1937 de
855 1868 917 1936 illa
942 1891 981 1936 re
1013 1868 1145 1957 loquor.
1284 1867 1488 1956 Propitiator
1509 1866 1629 1938 Filius:
1648 1879 1681 1935 et
1703 1869 1980 1960 propitiatorium
1999 1881 2053 1936 est
2080 1873 2182 1940 sedes
2229 1870 2231 1874 '

164 1954 240 2021 Das'*
255 1956 340 2021 beist
359 1956 520 2042 βδέλυγμα.
565 1957 611 2022 Et
635 1959 707 2022 tout
736 1956 867 2023 Graece
890 1956 1146 2045 significantius.
1197 1953 1276 2037 Dei,
1302 1956 1429 2029 idest,
1457 1957 1493 2020 in
1516 1953 1653 2021 Christo
1674 1953 1804 2022 habitat
1821 1957 1977 2022 divinitas
1999 1958 2184 2044 corporali·

164 2042 277 2213 iiii
296 2043 686 2216 ppmveppfflme
719 2045 787 2127 “²¹³²
815 2044 867 2110 ΜΘ
895 2044 979 2110 '²³³³‘
999 2064 1034 2110 ⁰⁸
1055 2046 1149 2110 “²²³''
1197 2043 1429 2196 {mitt-⁰
1447 2039 2092 2216 dimittitb¹¹bidiiit
2121 2045 2183 2200 ii

276 2174 287 2210 2
1405 2179 1413 2196 ·
2084 2175 2093 2204 t

172 2263 177 2270 .
1198 2216 1398 2284 secerdotes
1431 2234 1563 2283 mmtcn
1591 2237 1629 2284 ee
1660 2223 1784 2298 tropen,
1811 2215 1932 2295 idest,
1961 2216 2183 2285 ministerium

415 2301 509 2400 ΨΜ
538 2304 640 2400 ''2²³‘'
669 2303 900 2400 litii?
1198 2299 2183 2475 ittrbrsrrm‘,trndrtttmtdtt

251 2472 418 2542 Desolare
448 2479 534 2542 belet
564 2483 759 2553 onomaton,
792 2477 946 2563 redigere
967 2473 1092 2561 aliquid
1113 2475 1148 2540 in
1198 2474 1256 2540 lio.
1300 2477 1405 2558 Sedet,
1427 2478 1506 2542 dues
1527 2479 1580 2541 thr
1596 2430 1661 2541 deit
1683 2433 1797 2540 locrim
1818 2471 1969 2539 Danielis
1997 2477 2090 2541 reciet
2110 2496 2181 2545 eer-

165 2560 386 2631 solitudinem.
430 2562 644 2628 Abominatio
667 2561 903 2642 desolationis,
932 2563 966 2629 id
988 2573 1058 2642 est,
1079 2561 1148 2627 ido·
1198 2560 1318 2628 recitet:
1351 2560 1461 2644 Super
1482 2563 1558 2626 olas
1578 2561 1680 2627 stabit
1711 2560 1929 2639 abominatio,
1961 2582 2019 2627 sec
2050 2563 2181 2630 idotnm.
2295 2586 2300 2592 ·

164 2647 233 2715 lunt
255 2658 411 2726 vastans3
431 2656 482 2716 oie
499 2654 628 2734 pliepen
644 2670 681 2716 cc
700 2670 742 2716 stt
763 2652 866 2717 reden
882 2669 943 2734 per
960 2648 1147 2726 Genitivos,
1199 2644 1355 2713 Christus
1378 2649 1531 2733 exponit:
1556 2647 1720 2714 Stultitia
1742 2649 1967 2712 locosancto:
1988 2649 2103 2727 idest,
2125 2648 2183 2717 ille

164 2747 214 2815 ut,
235 2733 324 2800 lilius
345 2735 554 2820 perditionis,
576 2736 611 2800 id
633 2747 697 2816 est,
718 2737 819 2802 bomo
830 2736 993 2823 perditus,
1010 2731 1067 2801 vel
1087 2733 1148 2799 bo·
1198 2735 1271 2818 ipse
1306 2733 1405 2799 locus
1444 2730 1611 2819 polluetur
1649 2729 1855 2814 idololatria,
1890 2755 1988 2820 quem
2017 2736 2183 2804 ordinavit

163 2819 1063 2993 lt.t}t”i{t⁸btdssdtbtdidititabit,
1082 2820 1147 2974 it.
1198 2818 1716 2992 titt⁸’.¹¹tt⁸.·3t‚⁸ti⁵,iti
1737 2817 1863 2971 diii
1880 2831 1977 2972 tit
2000 2823 2184 2976 titini

160 3001 247 3078 pots,
282 2997 343 3060 der
375 2997 420 3061 do
440 2998 520 3062 cites
541 3004 724 3074 vercutiet,
745 2997 807 3061 der
827 2998 892 3062 den
910 3005 1050 3078 puniceo
1080 2990 1147 3060 cul·
1198 2992 1292 3059 llaec
1313 3004 1392 3058 sunt
1414 2990 1641 3058 Grammatica
1664 3003 1698 3057 et
1722 2991 1900 3058 ilistorica.
1945 2993 2085 3074 Leroet,
2114 3012 2187 3063 was-

163 3092 233 3149 tum
254 3090 437 3161 ocrwutm,
457 3085 518 3149 der
534 3088 588 3148 ete
609 3081 726 3148 beiden
747 3081 875 3166 sebum,
893 3086 1002 3149 macte
1022 3100 1065 3146 cx
1081 3078 1146 3146 Ec·
1198 3077 1274 3146 alae
1294 3080 1341 3144 ἄα
1358 3079 1503 3154 Ιιᾶεεεᾶς
1537 3099 1572 3144 es
1598 3080 1674 3145 bats
1696 3078 1768 3144 tete
1794 3078 1874 3144 lette
1898 3080 1990 3145 recbt
2013 3085 2185 3166 προπίνει

165 3166 281 3235 alesia.
324 3169 441 3235 Ncmbt
458 3171 521 3235 doc
538 3172 640 3250 prode
656 3173 811 3252 caenaret,
843 3171 905 3235 dar
937 3175 982 3237 nt
1008 3173 1070 3252 fur
1091 3186 1147 3233 ote
1197 3168 1245 3232 rte
1266 3165 1371 3231 baben
1392 3167 1520 3231 daroos
1539 3164 1922 3251 pennalt-pinnaculum
1942 3166 2067 3253 templi.

162 3273 236 3335 pen,
268 3258 332 3320 den
365 3257 638 3322 menomenas
670 3260 715 3320 tet
745 3252 869 3319 idolum
902 3265 1053 3320 vastans.
1099 3253 1148 3318 Er
1284 3249 1408 3318 Daniel
1439 3260 1518 3337 sapt
1547 3254 1637 3331 atro,
1674 3250 1753 3334 tore
1788 3252 1881 3339 finem
1913 3254 2002 3319 illice
2032 3254 2185 3338 potitiae,

164 3343 285 3404 mablct
306 3345 402 3405 einen
422 3341 531 3421 otpolt
551 3341 586 3405 in
608 3360 671 3404 sua
693 3339 864 3418 doctrina,
897 3343 967 3407 und
991 3341 1148 3406 nitidem
1198 3338 1330 3424 qomodo
1351 3339 1387 3402 in
1402 3339 1460 3424 itte
1481 3341 1551 3404 loeo
1572 3342 1640 3405 sint
1660 3340 1869 3424 cmtspecturi
1886 3339 2018 3404 idcicro.
2051 3339 2182 3407 idolum

166 3426 277 3506 obpott
300 3434 472 3491 sermnem
502 3445 540 3490 er
567 3436 670 3490 totam
691 3425 876 3492 doctrinam
899 3427 941 3490 de
960 3423 1046 3489 lilio
1067 3423 1146 3502 Dei,
1197 3427 1242 3490 ist
1274 3435 1366 3489 totus
1395 3422 1505 3490 cultus
1539 3424 1692 3490 luduicus
1723 3436 1802 3509 post
1816 3427 2022 3509 'passionem
2046 3423 2182 3506 Christi,

166 3511 351 3580 doctrinam
372 3507 560 3576 Ecclesiae.
616 3510 705 3575 Ante
734 3512 844 3576 omnia
867 3522 961 3577 recte
981 3508 1086 3575 intelli
1112 3529 1147 3574 a·
1200 3513 1396 3576 coniunctus
1419 3529 1495 3575 cum
1517 3507 1725 3595 blasphemia
1752 3524 1786 3577 et
1815 3508 2016 3576 contumelia
2045 3510 2179 3580 Christi
2225 3547 2230 3557 ι

164 3597 208 3661 tis
229 3594 406 3663 vocabula.
471 3601 512 3664 In
532 3594 676 3662 Daniele
696 3599 801 3664 etebet
820 3604 908 3666 otro:
941 3598 1050 3683 Super
1072 3617 1091 3661 a
1199 3594 1325 3661 Postea
1347 3607 1565 3661 accesserunt
1586 3598 1684 3662 etiam
1705 3607 1844 3662 externa
1875 3595 1990 3677 idola,
2023 3610 2181 3666 externae

165 3683 229 3750 erit
249 3681 411 3766 βδέλυγμα,
433 3685 496 3750 erit
518 3680 642 3750 idolum
666 3693 820 3749 vastans.
1086 3761 1092 3771 ἱ
1187 3685 1346 3768 species,
1367 3681 1553 3747 mentione
1575 3683 1681 3767 diupo,
1702 3693 1740 3748 ut
1762 3680 1916 3769 Caligula
1947 3684 2046 3749 iussit
2076 3682 2181 3752 collo·

305 3785 323 3797 ··
1200 3769 1271 3833 cari
1292 3788 1387 3835 suam
1410 3780 1552 3836 statuam
1573 3768 1689 3835 inille
1710 3767 1891 3854 ipsoloco,
1914 3771 2204 3854 csrepncnbim

212 3854 306 3952 ΨΜ
327 3857 438 3987 Μᾶ
464 3883 590 3979 itm
619 3860 722 3968 ‘iat
754 3862 853 3953 ‘ter
883 3861 940 3953 ii
968 3859 1086 3989 iis?
1198 3853 1419 4007 stitia
1435 3855 2037 4010 cient-,itiitere
2058 3876 2182 4011 idi

251 4030 298 4095 Ec
313 4032 408 4108 betti,
430 4026 621 4096 Cherubim.
640 4030 754 4096 ludaei
776 4031 808 4095 in
832 4030 980 4117 cogitant
1001 4030 1147 4116 quidem,
1198 4047 1242 4093 ue
1264 3989 1503 4096 collocaretur]
1543 3989 1652 4094 Elium
1680 3963 1809 4095 Pilatus
1843 4030 1954 4115 posuit
1984 4027 2109 4095 vexilla
2129 3990 2182 4098 'li3

165 4115 242 4201 quid
266 4116 309 4180 sit
331 4115 407 4195 hoc,
430 4138 506 4184 cunr
527 4118 571 4185 sit
592 4136 650 4182 res
671 4114 882 4203 planissima:
907 4135 973 4180 non
998 4118 1147 4204 cogitant
1199 4116 1283 4180 herii
1305 4116 1339 4180 in
1360 4113 1496 4200 templo,
1509 4117 1607 4180 exibi
1622 4136 1755 4202 quoquc
1777 4115 1901 4182 multae
1923 4117 2046 4181 caedes
2068 4113 2181 4184 luctae

165 4219 248 4267 suas
268 4199 437 4268 historias.
460 4201 643 4288 intemplo
666 4209 1048 4286 ctpeuamsanotum
1072 4223 1147 4269 san·
1198 4213 1284 4268 sunt.
1331 4200 1485 4290 Caligula
1506 4203 1552 4266 ibi
1575 4221 1613 4267 se
1635 4200 1738 4267 voluit
1759 4201 1893 4268 adorari
1915 4213 1948 4266 et
1978 4200 2061 4280 coli3
2093 4205 2181 4271 sicut

168 4297 309 4366 ctorum,
331 4291 392 4355 der
416 4290 510 4356 thr.
555 4288 593 4355 ln
621 4300 740 4355 sancto
768 4301 961 4355 sanctorum
983 4292 1028 4357 ist
1040 4308 1146 4371 ἄασε-
1197 4291 1295 4355 etiam
1308 4288 1434 4355 Romae
1455 4286 1560 4355 voluit
1580 4288 1723 4354 adorari.
1767 4287 1844 4374 lpse
1866 4289 1952 4355 sedit
1973 4289 2016 4353 ad
2037 4300 2182 4356 statuam

165 4391 226 4439 cen
247 4393 337 4454 arm,
359 4380 436 4458 «καθ’
451 4379 512 4441 der
532 4396 615 4442 arca
635 4377 713 4443 εἰᾶἄ
725 4380 906 4462 pretenders
931 4397 1040 4443 cween
1062 4374 1147 4442 chc·
1197 4375 1299 4455 lovis,
1322 4372 1480 4450 voluitrse
1500 4372 1600 4440 simul
1621 4375 1774 4454 adorari,
1798 4386 1832 4440 et
1852 4375 2087 4442 insusurrabat
2107 4376 2180 4443 lovi

165 4458 277 4538 rubin,
296 4480 387 4546 wey
406 4463 485 4544 dina
502 4469 563 4529 tote
579 4464 678 4546 copel.
743 4463 780 4527 ln
801 4483 882 4529 arca
902 4465 982 4531 cinti
996 4481 1147 4545 yeweeen
1197 4464 1231 4528 ln
1253 4481 1379 4542 aurem,
1401 4465 1460 4524 wie
1481 4481 1516 4524 cr
1537 4464 1664 4544 repiren
1685 4461 1757 4524 solt.
1790 4461 2073 4527 Sotetscteorltcb
2088 4460 2176 4542 Teuf-

165 4541 299 4646 tabulae
309 4544 407 4634 legis.
452 4552 523 4615 Dat
534 4548 728 4635 operculum
750 4555 822 4633 ottff
841 4552 1004 4629 dertarca
1025 4552 1145 4632 latae·
1192 4548 1309 4629 J‘clt'scb
1329 4569 1477 4629 promum
1498 4548 1578 4630 ditty
1597 4549 1682 4610 ricbt
1704 4550 1763 4611 der
1789 4546 1911 4633 Teuffel
1930 4569 1971 4610 ute
2000 4549 2033 4613 in
2055 4567 2192 4637 genere¹

164 4633 295 4698 duacen
305 4636 577 4720 propitiatorium.
598 4640 747 4719 Dormtff
762 4639 840 4703 obad
855 4655 957 4702 zucco
963 4639 1076 4722 liupolt
1088 4656 1146 4720 ρο·
1197 4636 1353 4702 humano.
1398 4636 1466 4701 lstu
1489 4632 1643 4722 exempla
1664 4656 1733 4702 non
1755 4634 1886 4702 debetis
1907 4632 2100 4740 negligere,
2123 4634 2181 4702 de·

165 4734 285 4800 wesen,
301 4721 357 4785 die
376 4722 481 4788 baden
501 4743 687 4790 mmmnen
694 4724 848 4803 parent.
872 4722 908 4789 ln
924 4720 1061 4788 Psalmo
1084 4731 1146 4790 cte·
1197 4720 1285 4789 betis
1306 4741 1348 4786 ea
1369 4722 1586 4788 considerare
1607 4741 1684 4787 curn
1707 4740 1828 4808 magna
1849 4732 2042 4799 attentione,
2065 4731 2100 4786 et
2121 4741 2181 4788 ex·

164 4805 236 4872 iet:
266 4803 368 4871 sedes
396 4824 497 4892 snper
518 4806 701 4885 Cherubin,
733 4811 856 4889 idest,
882 4812 1013 4877 dorbi
1044 4809 1145 4875 sedes
1196 4827 1402 4892 pavescere,
1435 4807 1525 4896 qnod
1557 4808 1605 4873 ite
1627 4804 1796 4874 Diabolici
1822 4805 1958 4875 furores
1980 4819 2180 4893 grassentur

164 4887 230 4955 Dei
248 4910 410 4973 ceneten.
451 4892 548 4961 Dens
580 4893 732 4983 alligavit
765 4916 803 4961 se
836 4896 881 4961 ad
902 4893 995 4962 illum
1015 4891 1144 4960 locumr
1196 4895 1230 4961 in
1252 4914 1378 4980 genere
1399 4897 1557 4973 humano,
1578 4893 1657 4960 aare
1678 4895 1736 4957 der
1757 4893 1870 4978 teuffel
1894 4915 1930 4957 so
1952 4911 2083 4975 moereo
2104 4902 2180 4958 mut·

163 4975 263 5043 iussit
282 4977 329 5042 ibi
345 4976 418 5044 lieri
440 4982 680 5069 adorationem,
702 4992 736 5048 ct
756 4982 908 5069 promisit
927 4983 973 5049 ibi
994 5001 1034 5048 se
1046 5001 1146 5048 exau·
1195 4981 1299 5044 muru
1321 4981 1485 5044 curicitico
1506 4979 1578 5054 kun,
1591 4981 1712 5048 durum
1732 4980 1870 5044 tronum
1890 4979 2027 5046 bernard
2042 4981 2179 5048 caedes.

164 5062 307 5130 deorum
331 5081 421 5145 esse,
441 5085 510 5133 uon
531 5069 622 5154 quod
641 5088 723 5136 arca
751 5065 809 5136 vel
836 5067 938 5134 sedes
965 5065 1024 5134 illu
1045 5064 1146 5135 suerit
1281 5065 1358 5155 Ego
1381 5069 1483 5135 credo
1505 5064 1691 5153 perlectum
1713 5087 1803 5147 esse,
1823 5067 1917 5154 quod
1939 5065 2109 5133 collocata
2135 5068 2180 5134 sit

162 5168 285 5217 numen
319 5145 473 5237 aliquod,
507 5154 569 5220 sed
589 5157 664 5241 ipsc
684 5153 790 5222 voluit
811 5155 846 5221 in
867 5152 926 5220 illo
949 5152 1029 5222 loco
1051 5155 1143 5220 invo-
1196 5153 1269 5220 eius
1291 5162 1405 5221 statua
1426 5152 1613 5238 intemplo.
1661 5153 1728 5216 Die
1748 5153 1849 5216 tuden
1875 5152 2013 5217 domnas
2035 5153 2180 5234 dorcad-
