4620 5588
173 164 238 241 tot
867 167 1087 239 rosum
1108 114 1510 241 uersuruontnna
1695 172 1698 181 ·
2125 172 2195 243 toa

175 360 248 428 Fun
268 358 345 426 Dei.
390 360 457 426 Per
478 358 567 426 hunc
580 357 705 427 ‘Filium
732 360 911 449 promissio
944 361 1084 444 primum
1102 372 1157 427 cst
1207 381 1245 427 co
1267 367 1312 427 ist
1329 381 1368 426 er
1384 364 1484 427 echon
1499 361 1555 427 ein
1572 367 1690 446 partor
1706 369 1837 443 peccet,
1858 364 2192 447 erhabeonatlrontll,

175 445 336 526 revelata,
359 448 446 515 sicut
468 445 611 513 loannes
634 448 728 513 dicit:
756 449 859 515 liliata
881 450 951 525 Ilei,
975 455 1032 530 ont
1051 456 1104 513 est
1122 454 1158 514 ln
1208 467 1277 513 roua
1297 466 1337 513 er
1358 453 1447 533 moll,
1481 459 1539 513 aut
1571 443 1681 531 qualis
1714 445 1823 532 qualis
1845 445 1953 515 luerit.
2001 452 2110 518 Gletrlt
2130 456 2192 519 tola

175 543 250 601 etna
273 539 398 610 Putris,
429 537 501 619 r’pee
521 541 690 601 enerravit
719 534 818 600 nobie.
875 529 933 597 llle
956 529 1058 598 Filius
1082 555 1156 599 oum
1207 535 1262 601 dle
1283 532 1406 599 Graeci
1435 553 1497 599 oon
1521 535 1617 599 thren
1642 531 1778 617 irutlea
1806 536 1911 601 laben
1928 538 2098 617 penaten
2131 543 2193 605 tols

174 623 328 708 patribus
349 619 483 687 locutus
505 632 576 701 ost,
609 634 642 686 et
686 640 724 684 cr·
750 641 825 685 eum
855 617 1010 686 voluntas
1032 617 1096 684 Dei
1115 621 1157 684 de
1180 592 1186 723 Ι
1209 619 1377 686 isocrates
1405 630 1495 702 aaut:
1532 621 1702 704 Appetere
1735 621 2008 707 gubernationem
2042 642 2110 687 non
2138 632 2193 690 eet

175 719 294 773 nostre
314 707 539 794 redemptione
572 719 648 799 pate
664 719 741 771 aeta
764 719 836 788 est,
870 705 959 792 quod
981 703 1077 771 Deus
1099 707 1158 771 im·
1208 703 1286 771 talis
1308 726 1377 786 ree,
1398 704 1508 792 qualis
1525 718 1578 772 ost
1598 706 1820 772 sacerdotium
1843 718 2011 793 appetere.
2056 711 2114 775 tar
2134 727 2191 775 sa·

175 814 292 860 mensa
313 794 541 860 misericordia
562 791 644 858 velit
662 794 812 877 recipere
839 812 945 878 genus
967 788 1156 859 hantunam.
1209 793 1394 859 cerdotiurn
1417 801 1460 859 tet
1476 797 1583 861 nata
1598 795 1721 860 ornlere
1739 813 1909 875 cameron,
1942 797 2029 861 dena
2049 803 2105 863 ein
2130 796 2192 863 Ca·

177 884 247 946 Dus
266 886 330 947 roll
348 882 403 946 iltr
424 885 575 947 merclen
603 883 706 946 tlrtrclr
727 882 797 946 carl
827 881 930 946 ‹larclr
952 879 986 943 in
1009 878 1157 944 historiis
1204 881 1366 963 pellicien
1388 900 1433 945 un
1453 887 1557 945 ciuem
1580 887 1639 962 orl,
1662 878 1717 944 ubi
1730 879 1979 960 sacrificabant,
1998 888 2058 948 tole
2079 883 2195 949 livanti

176 964 321 1043 biblicis,
345 968 435 1052 quod
458 964 682 1031 revelationes
704 986 820 1032 omnes
854 975 933 1030 sunt
965 961 1077 1030 iactae
1097 985 1158 1050 per
1209 978 1262 1031 etn
1280 970 1377 1049 Pfoff
1393 968 1523 1048 inpendi
1546 967 1582 1032 in
1614 971 1715 1031 cirtem
1742 969 1880 1034 wandel
1908 974 1962 1033 ein
1994 987 2079 1034 mers
2111 971 2193 1035 otlet·⁴

175 1050 294 1120 Filium
316 1049 391 1132 Dei,
414 1050 470 1119 ille
492 1050 626 1117 locutus
649 1065 700 1117 est
724 1053 885 1136 patribus.
1208 1051 1368 1137 Requiem
1396 1056 1497 1118 lieret.
1558 1051 1752 1118 Gratulatus
1779 1064 1889 1118 autern
1923 1051 2077 1121 Christus
2108 1055 2193 1138 ipsis
2272 1084 2276 1089 ·

261 1142 335 1205 Nun
367 1143 472 1206 elehel
501 1143 575 1207 lle:
612 1143 787 1205 Lucinae:
830 1142 891 1204 slas
919 1145 962 1203 irt
994 1143 1048 1203 ein
1079 1141 1159 1205 sehr
1181 1132 1187 1239 1
1209 1136 1384 1222 apostolis
1418 1139 1640 1225 cognitionem
1669 1135 1862 1224 Evangelii:
1896 1151 1932 1205 et
1959 1140 2060 1207 dicit:
2095 1144 2195 1208 Beell

175 1229 315 1293 eohbncr
346 1225 493 1291 allectus⁴
552 1222 646 1290 Alias
674 1244 779 1311 saepo
802 1227 982 1291 recitentur
1003 1225 1076 1289 eius
1099 1225 1158 1291 ‹lo-
1181 1246 1188 1377 Ι
1209 1230 1294 1293 cordi
1313 1226 1506 1310 conrident,
1528 1245 1611 1309 quoe
1627 1245 1682 1293 roa
1703 1226 1830 1293 ridetis.

175 1307 279 1390 lones,
300 1309 528 1377 laetitiacnon
552 1332 665 1396 saepe.
709 1312 794 1378 iiber
815 1315 876 1377 dar
898 1311 943 1376 iel
960 1317 1033 1377 eetn
1053 1310 1159 1377 herle

177 1401 260 1465 liclia
275 1418 394 1481 ornere
412 1400 525 1482 freed,
547 1399 680 1484 quando
693 1395 817 1486 colligit
830 1396 893 1462 sibi
915 1409 950 1463 et
970 1395 1159 1465 serratEe·

177 1481 330 1568 clesium3
359 1487 437 1571 quia
457 1482 613 1571 Apostoli
637 1504 747 1551 waren
764 1503 975 1566 unopnoacn,
1001 1495 1036 1548 ot
1063 1504 1159 1569 prae·

177 1571 370 1636 dicaverant
392 1568 609 1657 Evangelium
643 1570 685 1635 dc
718 1571 914 1635 remissione
943 1581 1159 1655 peccatorum
1210 1558 1282 1643 An
1313 1559 1544 1660 Abraham,
1588 1558 1731 1664 Iacob²
1768 1556 1917 1661 David,
1954 1589 2039 1665 non
2074 1559 2191 1651 audi.

176 1669 314 1744 propter
336 1655 517 1736 Christum,
538 1655 654 1722 Filium
677 1653 754 1734 Dei,
777 1668 810 1722 et
832 1658 896 1722 hac
912 1657 1160 1741 praedicatione

174 1741 301 1810 multos
331 1755 566 1810 converterent
594 1754 628 1808 et
655 1742 861 1808 adduxerant
886 1745 930 1807 ed
955 1743 1159 1827 agnitionem
1404 1725 1552 1796 VOl'Ussl
1581 1725 1624 1796 et
1654 1713 1845 1796 Viderunt
1874 1714 2003 1798 haffl?
2121 1728 2127 1738 ⁵

176 1827 315 1909 Christi,
342 1833 397 1896 tlte
417 1835 564 1898 komnten
586 1849 653 1895 nnn
675 1831 779 1895 writer
804 1830 907 1895 heinr
936 1828 984 1892 lbi
1013 1827 1159 1893 lactatur

177 1914 342 1995 Christus,
367 1928 399 1981 ct
422 1914 608 2003 gratulatur
633 1916 731 1979 nohis
761 1917 914 1980 omnibns
942 1914 1030 1979 hanc
1056 1912 1159 1979 felici·
1297 1911 1596 2000 Respoudeoz‘lta.
1629 1913 1850 1979 Audivernnt.
1877 1913 2191 1999 Scdtameuoptas·

176 2013 284 2066 tatem.
331 2002 367 2066 Si
399 2022 577 2088 possemus
600 2001 767 2086 rogitare,
803 2021 882 2066 rere
911 2020 988 2065 esse
1013 2021 1159 2065 amorem
1182 1970 1189 2135 ι
1210 2010 1287 2066 sent
1309 2002 1406 2065 etiam
1429 1997 1566 2079 clarius,
1588 2011 1622 2063 et
1643 2020 1757 2067 eoram
1778 1998 1946 2079 Christum
1975 2002 2088 2066 videre
2112 2020 2191 2067 coa·

175 2088 209 2154 ia
231 2086 325 2167 Deo,
353 2101 386 2154 et
407 2088 482 2154 lesu
504 2084 639 2154 Christo
662 2085 806 2153 Domino
834 2098 952 2153 nostro
980 2106 1062 2172 erga
1084 2107 1160 2164 nos,
1210 2087 1417 2166 ciouantem,
1450 2098 1484 2151 et
1515 2084 1712 2151 liberantem
1734 2106 1841 2173 genus
1870 2086 2049 2153 humanum
2071 2107 2113 2151 ex
2135 2105 2191 2171 po-

175 2184 319 2260 quentns
341 2187 395 2241 est
427 2178 458 2239 in
488 2188 585 2258 patre
606 2194 688 2260 erga
710 2170 815 2256 lilios,
849 2187 928 2239 tunc
959 2193 1041 2237 vere
1069 2169 1160 2238 exul-
1210 2183 1331 2238 testatc
1353 2170 1502 2250 Diaboli,
1523 2173 1639 2237 mortis
1665 2185 1699 2238 et
1726 2175 1869 2258 peceati.
1926 2171 2096 2239 Christum
2123 2192 2191 2238 non

176 2271 336 2326 taremus.
391 2246 460 2326 sed
481 2273 548 2326 tom
570 2259 671 2327 ferrei
693 2271 727 2324 et
755 2263 848 2326 saxei
871 2280 998 2332 sumus,
1022 2271 1056 2326 et
1077 2272 1159 2324 tam-
1210 2260 1531 2327 audiveruntcorum
1544 2260 1810 2338 concionantem,
1831 2280 1896 2327 nea
1911 2260 2067 2327 viderunt
2082 2261 2194 2343 ipsura

176 2367 273 2434 quarn
295 2348 515 2425 adamantini,
546 2358 584 2413 ut
606 2347 808 2432 cogitemusr
841 2344 937 2412 Deus
965 2366 1034 2411 non
1064 2354 1160 2413 curat
1209 2343 1385 2412 facientem
1412 2342 1592 2421 nriraculat
1624 2346 1776 2413 viderrmt
1807 2347 1940 2434 quidem
1967 2344 2136 2420 eumcum
2156 2342 2193 2411 ia

175 2454 259 2511 noer
278 2435 310 2499 si
333 2454 397 2501 nos
420 2431 584 2520 diligeret,
604 2454 673 2498 nou
695 2429 897 2518 relinqueret
919 2453 982 2499 uos
1005 2434 1038 2499 in
1056 2436 1159 2499 meua
1209 2433 1499 2516 promissionibus,
1521 2431 1583 2496 sed
1605 2452 1718 2499 coa-am
1741 2451 1809 2499 noa
1830 2434 1995 2512 viderunt,
2015 2452 2080 2499 neo
2099 2431 2192 2501 audi-

175 2519 317 2586 rniseriis
341 2537 372 2586 et
394 2517 560 2606 periculis.
618 2519 685 2584 Sed
720 2519 924 2584 debebamus
946 2516 1086 2585 eluctari
1115 2539 1158 2583 ex
1209 2530 1330 2585 verunt
1351 2530 1385 2585 at
1408 2516 1574 2604 Apostoli.

174 2602 236 2672 illa
257 2608 462 2673 dubitatione
485 2618 519 2671 et
541 2607 674 2682 duritie3
708 2616 743 2670 et
764 2605 934 2691 cogitare,
963 2606 1054 2692 quod
1082 2626 1158 2691 pro·

173 2702 248 2778 pter
269 2691 388 2760 Filium
411 2712 489 2759 vere
513 2690 697 2758 delectetur
728 2689 838 2757 salute
860 2704 994 2770 nostra,
1028 2707 1062 2757 et
1090 2711 1158 2757 nou

174 2774 360 2845 delectetur
382 2781 567 2865 perditione
587 2778 767 2845 bominum.

264 2867 426 2948 Confiteor
447 2870 528 2947 tros]
584 2865 646 2930 Est
673 2862 906 2943 ricbrannus,
939 2866 971 2931 td
994 2876 1059 2945 est,
1091 2886 1157 2950 ago
1421 2852 1719 2966 Disputatio
1757 2849 1825 2937 de
1854 2852 1978 2965 lege.

173 2948 232 3016 tibi
266 2953 401 3038 gratias.
435 2974 504 3020 tous
534 2954 637 3022 teac-
670 2950 795 3037 gratias
828 2947 925 3039 agol·
976 2950 1039 3017 Est
1071 2952 1158 3017 idem

174 3038 265 3123 quod
298 3036 461 3104 confiteor
494 3038 693 3104 beneficium
727 3057 805 3103 esse
840 3053 951 3105 tunm:
982 3040 1037 3106 dle
1070 3047 1159 3106 erate
1293 3035 1453 3105 Nomious
1465 3048 1584 3104 contra
1595 3038 1754 3124 disputet,
1776 3051 1810 3103 et
1832 3033 1954 3114 fremit,
1986 3035 2080 3122 quod
2099 3034 2194 3102 eadit

172 3124 293 3208 rproelt
330 3128 423 3193 redet
453 3126 682 3213 propriissime
720 3145 762 3190 eo
802 3122 1062 3211 simplicissime:
1103 3127 1157 3191 die
1209 3125 1381 3205 extenuari
1399 3145 1493 3191 suant
1506 3125 1704 3203 doctrinam,
1725 3127 1795 3191 aad
1812 3130 1923 3207 srael:
1945 3123 2034 3199 aaa
2048 3129 2193 3208 societte,

174 3209 295 3277 Graeci
324 3215 426 3279 reden
458 3216 540 3279 urtclr
572 3217 652 3279 oleo.
697 3208 767 3276 olla
789 3232 839 3277 on
858 3210 965 3299 χάρινε
996 3208 1062 3276 hoc
1092 3224 1155 3290 est,
1206 3212 1418 3279 haereditabo
1449 3231 1585 3292 reanum
1615 3216 1806 3281 menam?
1844 3215 1888 3277 da
1928 3215 2041 3294 lconrpt
2069 3208 2103 3275 le

172 3294 243 3363 olla
265 3293 312 3362 ’ότι
331 3300 420 3385 χάρις
442 3304 505 3364 lori
527 3300 592 3364 sori.
637 3295 822 3379 Confiteor,
851 3299 943 3384 quod,
959 3297 1156 3365 beneficium
1208 3298 1397 3382 disputatio.
1431 3295 1588 3364 Christus
1609 3295 1681 3364 vult
1698 3299 1902 3384 redarguere
1923 3298 1994 3363 eiras
2016 3298 2113 3365 inscii
2180 3342 2191 3376 ,

172 3384 217 3450 sit
238 3397 341 3464 tauns,
369 3397 402 3451 et
422 3398 601 3472 propterea
632 3405 685 3451 me
717 3384 777 3451 tibi
810 3385 970 3463 subiicio,
1002 3405 1156 3471 agnosco
1207 3387 1277 3462 uatl
1292 3389 1388 3468 ficol
1415 3387 1471 3450 lla
1499 3387 1692 3451 aldemaro:
1730 3383 1906 3459 Quomodo
1934 3382 2022 3469 legis
2044 3386 2077 3448 in
2101 3382 2192 3449 Scri·

174 3491 226 3533 mc
248 3472 306 3536 tibi
329 3473 515 3538 debitorem
536 3493 599 3557 pro
619 3469 687 3536 boc
711 3470 886 3539 bonelicio.
934 3471 994 3537 Sia
1016 3473 1157 3539 dicimus
1206 3471 1326 3556 ptura?
1358 3465 1419 3535 lile
1436 3471 1558 3556 munit:
1591 3475 1715 3555 llillpes
1746 3471 1924 3541 Dominent
1953 3470 2060 3537 llam
2092 3479 2191 3547 newa,

174 3555 389 3624 Gerruanice:
410 3563 467 3626 Ich
489 3565 585 3625 recisa
605 3559 659 3625 dtr
680 3560 796 3642 donch,
817 3555 927 3623 litteor
943 3577 997 3625 ero
1010 3559 1157 3624 vicissim
1208 3569 1271 3625 etc
1294 3567 1327 3625 et
1343 3559 1533 3641 noctram
1550 3565 1636 3625 elcut
1653 3568 1687 3625 te
1703 3565 1821 3642 ipsura
1873 3556 1978 3623 ilecto
1996 3558 2216 3645 responden·

172 3644 231 3708 tibi
265 3645 388 3710 debere
415 3645 660 3732 gratitudinem.
716 3642 772 3708 Sic
801 3641 957 3711 Christus
987 3645 1041 3708 bic
1062 3645 1156 3710 dicits
1207 3665 1246 3711 er
1275 3646 1374 3712 cerer
1401 3646 1484 3713 aber
1502 3648 1611 3713 niolio
1629 3648 1716 3713 dun
1740 3642 1867 3730 legem
1900 3640 1958 3711 illo
1977 3645 2022 3711 do
2043 3640 2121 3729 lege
2141 3653 2206 3711 re·

174 3729 250 3816 Ago
275 3731 332 3796 tibi
366 3733 494 3817 gratias
513 3743 651 3797 aeterne
671 3726 783 3809 Pater,
816 3732 907 3817 quod
942 3728 1075 3818 colligis
1098 3732 1155 3797 tibi
1208 3729 1365 3814 spondet,
1392 3733 1511 3814 &W
1529 3742 1607 3814 aaa!
1633 3733 1802 3803 walnas
1832 3732 1902 3803 llos
1918 3736 2000 3814 lec,
2029 3740 2067 3799 ol
2087 3737 2191 3809 nima
2259 3807 2261 3811 ,

172 3812 359 3883 Ecclesiam
382 3838 443 3902 per
464 3816 688 3885 ministerium.
1207 3819 1303 3903 quasi
1324 3818 1432 3897 dieat:
1455 3829 1492 3887 tu
1512 3819 1644 3887 ariaime
1664 3818 1770 3885 isaia·

261 3908 483 3988 Mmttertcstt
510 3903 680 3988 perula]
736 3900 892 3971 chr-irtus
922 3904 1030 3969 additi
1067 3906 1160 3983 oncri
1203 3906 1209 3916 “

174 3992 372 4057 abscondisti
396 3994 477 4057 leaeo
497 4011 520 4057 e
537 3993 754 4075 ropbttnltts:
785 3992 884 4057 laria
915 3994 960 4057 tet
984 3990 1041 4058 die
1066 4011 1155 4059 cont·
1240 4052 1244 4057 .

174 4073 391 4142 monelactiur
414 4072 513 4152 Quod
534 4074 692 4143 Ecclesia
713 4073 880 4163 colligitur
902 4075 1157 4156 scrutantem,

175 4159 409 4243 imbecillibus,
431 4184 473 4229 ex
494 4158 591 4230 laeee
617 4160 675 4229 illa
704 4161 872 4231 hominum
899 4175 1102 4246 contempta,
1122 4177 1157 4231 et
1476 4150 1577 4255 Quis
1614 4152 1668 4234 sib
1703 4152 1923 4262 proximtlfl·

174 4249 301 4320 interea
320 4249 537 4333 repudiantur
558 4249 747 4336 sapientes,
780 4249 836 4334 qui
863 4260 974 4316 tamen
1002 4247 1156 4317 volantes

198 4346 331 4413 creant,
366 4346 399 4404 et
428 4357 491 4401 rna
513 4332 568 4401 cul
620 4359 628 4402 :
662 4337 740 4423 quio
761 4334 915 4402 volentes
935 4348 1157 4422 aspernantur
1295 4340 1369 4402 Nun
1390 4338 1500 4418 lmnpt
1532 4338 1586 4401 die
1617 4335 1729 4421 imago
1763 4337 1805 4401 de
1831 4337 1999 4420 proximor
2034 4334 2191 4403 Christus

174 4356 403 4527 hvuugelium.
418 4474 426 4486 .
440 4420 548 4488 Etiam
594 4424 670 4488 odie
691 4423 903 4489 ministerium
923 4435 975 4490 est
996 4443 1052 4488 res
1076 4442 1157 4491 con·
1209 4423 1354 4486 ostendit
1375 4423 1559 4507 proximum
1581 4441 1654 4487 eum
1673 4441 1763 4503 esse,
1787 4424 1842 4509 qui
1861 4424 1985 4510 indiget
2007 4425 2078 4487 eius
2101 4423 2192 4488 auxi·

174 4509 407 4594 temptrssinra3
436 4512 507 4575 Wer
527 4511 697 4591 elucente
717 4511 807 4576 reich
830 4516 884 4588 iel,
904 4507 1156 4577 arcuatam-
1207 4505 1265 4587 lio,
1298 4521 1331 4573 et
1354 4509 1408 4575 eui
1439 4511 1514 4595 ipse
1543 4519 1653 4592 potest
1680 4529 1777 4592 opem
1813 4505 1914 4575 ferre.
1969 4507 2030 4575 llle
2057 4509 2191 4577 esttibi

173 4590 297 4680 logiam
319 4599 407 4662 nicil
423 4598 602 4675 aalma
626 4617 661 4664 eo
682 4601 738 4662 toll
757 4597 913 4665 albmand
932 4601 1009 4664 ltea‘tt
1026 4600 1155 4680 praedi
1208 4596 1392 4678 proximum
1410 4597 1465 4680 qui
1488 4596 1613 4680 indiget
1636 4606 1693 4659 tuo
1715 4593 1855 4675 auxilio,
1885 4610 1918 4661 et
1948 4599 2000 4662 cui
2029 4609 2063 4659 tu
2094 4608 2192 4680 poteo

173 4691 268 4748 catur
288 4701 461 4760 armetnen,
485 4686 566 4749 noch
587 4686 747 4749 madreia
769 4680 996 4766 dorffplmer
1017 4686 1157 4751 wden
1209 4678 1373 4766 opitulari.
1405 4686 1460 4749 llu
1477 4691 1561 4748 cust
1580 4684 1885 4764 antecedentem,
1907 4686 1987 4750 dass
1997 4683 2059 4748 der
2081 4686 2191 4762 albon

173 4765 216 4830 Et
237 4768 404 4852 principes
432 4789 563 4855 quoque
594 4766 770 4856 negligunt
802 4770 1015 4837 ministerium
1047 4769 1157 4837 Evan-
1207 4788 1244 4834 ao
1262 4770 1320 4835 dtr
1337 4776 1414 4849 ordo
1435 4771 1514 4847 thul,
1533 4771 1614 4835 oder
1635 4771 1687 4835 lul
1706 4773 1842 4837 άεωάιι
1862 4774 1941 4853 ltiilf
1954 4773 2096 4846 aubert,
2116 4771 2194 4836 cleia

175 4847 265 4938 gelli,
287 4865 443 4939 uuquam
466 4870 719 4940 remsprctam,
741 4866 774 4921 et
793 4853 953 4943 colligunt
978 4858 1156 4923 concione·
1207 4857 1359 4923 treolttler
1379 4875 1450 4938 sep,
1475 4859 1599 4923 sooner
1619 4858 1703 4925 attoli
1718 4859 1781 4923 der
1805 4860 1923 4925 rainer
1949 4860 2038 4938 cerff
2055 4854 2191 4939 lelarffi

172 4949 266 5004 toros
289 4961 330 5003 cx
351 4939 463 5007 mama
485 4938 581 5009 saeco
601 4941 782 5033 huminum,
812 4943 969 5009 indoctos
992 4955 1026 5011 et
1048 4945 1156 5024 iperi»
1208 4942 1389 5020 Sicutnos
1411 4962 1529 5009 omnes
1542 4939 1696 5009 solemus
1708 4944 1876 5026 accipere,
1897 4943 1958 5008 sed
1970 4956 2078 5028 pauca
2098 4943 2193 5009 dare

94 5108 100 5113 ι
172 5026 279 5091 ditos:
309 5032 370 5091 tote
397 5026 475 5094 erl
537 5028 604 5097 ‹len
620 5030 776 5114 maistas
802 5037 846 5095 iet
861 5049 1032 5111 accessu:
1059 5050 1157 5098 eoas
1206 5029 1274 5095 seu
1308 5026 1402 5095 Deus
1440 5031 1542 5099 docet
1571 5048 1639 5096 nos
1672 5027 1924 5115 aequitatem,
1961 5041 2001 5098 ut
2035 5031 2195 5106 sobam
2300 5073 2304 5082 ·

171 5116 264 5185 enitor
293 5132 360 5179 eutr
390 5120 444 5179 ein
464 5048 604 5183 allisam
632 5116 796 5201 privatam
820 5119 879 5184 Ital
897 5120 1028 5185 lmen
1053 5121 1156 5199 leem,
1177 5077 1185 5172 l
1207 5115 1298 5201 quod
1318 5116 1392 5201 ipse
1412 5115 1641 5202 sitnequelis·
1706 5204 1709 5211 Ι
1758 5134 1761 5141 ’

190 5300 198 5312 ·
330 5247 475 5288 arzana-ra.
493 5251 654 5293 orarunt..
670 5252 736 5293 xxv.
1952 5236 1989 5292 tt
