4620 5588
33 176 36 183 ’
128 200 192 271 rar

128 411 193 459 aaa
215 389 392 472 despicies:
412 388 446 453 id
470 397 541 467 est,
570 386 703 474 qnando
732 408 793 452 cor
815 398 849 453 et
881 388 1018 473 spiritns
1047 410 1107 454 vo·

128 475 200 543 lunt
221 475 309 542 illurn
334 476 609 543 obedientiarum
631 476 800 539 aerumnis
829 488 965 561 propter
988 474 1107 540 Deum.

127 563 192 633 llic
221 566 341 629 videtis
370 563 538 630 Christum
571 564 764 626 discernere
797 563 882 626 inter
913 558 1041 640 cultus,
1074 572 1109 626 et

127 672 197 720 non
220 649 343 729 cultus,
364 653 452 716 inter
474 651 593 712 ieiunia
605 663 639 713 et
655 669 722 712 nou
735 649 866 727 ieiunia,
890 649 976 712 inter
998 647 1108 714 electa

128 751 247 806 nostro
270 741 417 816 arbitrio,
439 749 472 801 et
492 733 585 800 illata
608 755 667 800 seu
691 736 844 818 imposita
867 733 1010 800 aliunde.

218 826 374 911 Sequitur
391 821 475 891 alins
501 843 612 888 sermo
633 817 858 907 allegoricus:
885 825 986 888 bento
1006 823 1113 887 arctet

130 932 244 982 aeram
265 919 414 978 laciniam
431 912 534 978 aeteri
548 916 742 986 reatinento,
769 929 828 975 cea
839 913 923 992 peili
945 908 1110 992 putridae.

131 1005 280 1085 ereptam
314 1008 489 1079 verterunt
524 1015 794 1063 cmurrumaram:
837 995 899 1059 sed
944 995 1112 1080 significat

130 1100 369 1164 assumentum,
392 1083 555 1162 laciniam,
574 1085 821 1164 Eetenpebren,
842 1084 923 1147 oder
935 1088 987 1146 eta
999 1083 1111 1147 erucae

131 1192 194 1241 oca
221 1180 325 1240 etneut
357 1167 472 1238 irieide.
537 1170 640 1236 bean
666 1189 742 1252 rtcan
775 1175 871 1234 einen
906 1173 993 1235 alten
1024 1172 1112 1253 pella

128 1263 248 1348 peret,
268 1279 307 1325 ao
326 1260 447 1325 reiaact
462 1264 626 1322 ertmuaer
642 1263 764 1333 aeriter,
785 1259 873 1321 dena
894 1275 930 1321 ce
942 1261 988 1322 iet
1003 1256 1112 1320 mari:

131 1351 202 1413 atro
230 1352 288 1412 rud
308 1348 410 1412 ciuem
432 1348 519 1410 alten
541 1342 621 1409 tacit
674 1340 816 1415 Quando
845 1361 975 1426 pannus
1003 1360 1111 1427 paene

130 1432 343 1516 computruit,
361 1453 398 1498 ao
419 1434 503 1497 betta
522 1432 622 1513 aeid,
642 1435 762 1495 retreat
776 1437 891 1495 truciter
909 1429 1010 1494 arder
1032 1431 1111 1510 ruffi

129 1521 248 1604 Nerapt
267 1521 321 1586 dic
343 1519 518 1603 imaginem
547 1521 742 1582 emicuere
763 1516 866 1598 pelta:
897 1516 975 1601 quia
1002 1511 1112 1600 peiles
1136 1547 1143 1577 ι
1164 1525 1319 1601 purgata.
1362 1512 1484 1578 Donec
1495 1514 1538 1576 ad

1136 1586 1247 1687 lralis
1267 1600 1302 1665 in
1324 1611 1434 1664 musto
1456 1600 1626 1665 materiam
1650 1601 1802 1680 cardam,
1823 1620 2005 1686 aquosam,
2029 1612 2062 1666 et
2083 1613 2148 1666 ter·

1136 1689 1318 1765 ‘mtrem
1339 1706 1427 1773 quae
1447 1705 1515 1751 non
1538 1697 1652 1773 potest
1672 1689 1706 1750 in
1728 1698 1880 1753 naturam
1902 1688 2150 1753 viniconrertia
2195 1696 2199 1707 ’

130 1618 341 1691 putrescunt,
362 1608 426 1673 dea
446 1609 515 1673 lectt
529 1623 607 1670 raca
627 1604 718 1670 reicit
733 1605 861 1688 flecken.

115 1934 120 1942 ’
189 1916 311 2040 ³Quae
342 1949 405 2022 eet
434 1935 635 2020 sententia
664 1934 795 2018 huius·
814 1931 1057 2047 allegoriae?

812 194 1031 264 postlata
1053 195 1459 266 Meaauattotttatttt.

1162 406 1217 452 res
1239 387 1286 452 ad
1301 388 1549 471 poeaitentiam:
1581 385 1630 452 Er
1657 389 1711 452 acii
1741 336 1832 453 mh-
1854 387 1943 454 nicbt
1974 410 2076 476 napea
2102 391 2145 456 de
2262 455 2264 458 ,

1162 472 1331 540 libertate:
1355 474 1428 538 Nou
1453 471 1524 539 vult
1546 471 1634 540 hanc
1658 477 1843 540 doctrinam
1866 479 1907 539 tie
1923 465 2077 543 libertate
2097 478 2146 543 in·
2264 511 2265 514 ¹

1162 559 1302 625 sundere
1325 563 1357 624 in
1382 560 1581 626 Pharisaeos
1604 577 1637 625 et
1653 559 1830 646 -populurn,
1852 564 1906 649 qui
1929 566 2075 628 nentium
2097 566 2146 628 in-

1162 651 1267 713 stitnti
1290 661 1383 712 sunt:
1406 645 1548 732 Alioqui
1564 649 1592 712 st
1615 647 1696 713 illud
1720 671 1843 714 norum
1867 653 1977 716 vinum
1996 649 2146 715 infunde·

1162 744 1254 799 retur
1276 737 1418 800 inatres
1440 747 1585 813 veteres,
1608 738 1840 814 abuterentur,
1862 736 1982 803 fierent
2004 738 2145 805 ‹icteria-

1161 841 1240 900 res,
1276 818 1401 887 Paulus
1424 822 1521 886 etiarn
1544 821 1596 886 sic
1617 825 1713 888 dicit:
1740 821 1862 903 Videte,
1884 843 1924 890 ae
1945 826 2030 890 dctis
2050 825 2146 890 iiber·

1163 915 1261 974 tatem
1281 909 1317 973 a'n
1337 910 1537 973 occasionem
1557 909 1710 976 turenae
1730 912 1854 976 catam.

1219 1239 1356 1344 Quare
1386 1270 1542 1326 novum
1572 1242 1714 1326 viuum
1743 1243 1898 1357 rumpit
1924 1237 2088 1352 triremi
2170 1338 2175 1345 .

1250 1421 1363 1492 binsta
1386 1437 1464 1492 sant
1486 1426 1594 1576 mapis
1616 1423 1806 1506 balitnosa,
1839 1447 1937 1530 qnam
1971 1424 2038 1493 alia
2069 1429 2148 1493 vina

1550 1533 1606 1579 tuo
1624 1510 1827 1591 fervescunt,
1840 1510 1934 1597 pelbt
1946 1511 2042 1579 calor
2054 1528 2149 1579 nata·

1164 1772 1232 1838 Die
1252 1776 1332 1838 ecia
1353 1771 1460 1838 nibier
1481 1773 1556 1838 eiad
1577 1774 1648 1840 dica
1669 1772 1746 1838 iobr
1777 1773 1866 1838 aicit
1897 1775 2007 1839 mater
2026 1792 2148 1860 perror-

1165 1860 1244 1927 dcar
1265 1861 1343 1946 quia
1364 1880 1432 1925 non
1453 1857 1588 1926 suerunt
1611 1862 1696 1925 bene
1718 1871 1817 1926 cocta
1839 1881 1859 1926 a
1882 1857 1982 1936 Sole;
2005 1882 2071 1926 non
2089 1881 2149 1944 po·

1164 1958 1300 2012 taerunt
1321 1945 1553 2013 effervescere.
1596 1941 1660 2011 illa
1682 1948 1820 2012 materia
1839 1948 2149 2026 cruda,terrestris,

1165 2045 1199 2100 et
1220 2052 1350 2118 aquosa
1372 2055 1439 2099 uon
1463 2029 1603 2118 expulsa
1624 2044 1678 2098 est
1699 2053 1760 2118 per
1782 2033 1848 2098 vim
1871 2030 2034 2100 naturalis
2057 2031 2148 2099 calo·

132 2160 137 2186 ε
158 2181 160 2186 ,
218 2119 325 2188 Nemo
348 2122 456 2196 assuit
472 2140 595 2186 novam
616 2116 770 2185 laciniam
793 2117 897 2183 veteri
920 2116 1024 2195 vastia
1045 2113 1113 2196 vel,
1165 2121 1228 2185 rie:
1250 2119 1394 2186 Dororm
1403 2120 1786 2186 measmdierociacru‘a
1802 2121 1948 2185 werden:
1969 2134 2004 2186 et
2020 2122 2098 2207 quia
2113 2129 2148 2185 et

131 2227 229 2274 nemo
252 2208 360 2274 assuit
381 2229 502 2275 novam
524 2203 650 2293 pellem:
672 2206 775 2273 reteri
803 2201 881 2290 pelli
909 2204 1113 2291 putrescenti
1163 2203 1220 2271 illa
1231 2207 1447 2272 vehementer
1460 2202 1563 2290 pellit,
1579 2220 1612 2271 et
1623 2218 1702 2271 aurat
1718 2202 1810 2272 multi
1821 2208 1873 2272 ris
1886 2208 1998 2294 magni
2010 2205 2147 2286 balitus,

132 2306 167 2361 et
185 2310 404 2380 consumptae
431 2315 546 2379 paene.
591 2292 688 2367 Quae
714 2303 767 2357 eet
792 2291 982 2358 contantini
1026 2289 1112 2364 Quia
1164 2294 1241 2359 ideo
1263 2295 1518 2379 sic‘erumpant,
1529 2306 1566 2358 ut
1576 2312 1680 2378 saepe
1697 2298 1892 2378 rumpantur
1912 2313 1996 2359 vasa
2018 2292 2146 2379 ligneae

131 2377 296 2467 allegoria
329 2397 389 2454 est
413 2400 525 2447 sermo
558 2380 742 2465 figuratus,
770 2396 830 2441 seu
865 2379 1012 2463 pictura,
1046 2396 1113 2463 qna
1164 2397 1254 2464 uam
1273 2398 1350 2446 moa
1367 2380 1514 2445 recentia
1535 2395 1645 2445 musta
1662 2376 1774 2461 sciret,
1801 2399 1840 2445 ao
1859 2388 1986 2446 atoarett
2006 2381 2055 2447 ric
2075 2380 2148 2445 deta

131 2464 221 2541 aliud
244 2466 461 2552 significatur.
506 2466 603 2533 item:
631 2469 731 2533 Naso
757 2471 982 2531 ridderman
998 2483 1113 2529 aeman
1163 2485 1243 2533 anea
1263 2465 1328 2531 dea
1349 2465 1461 2532 boam
1482 2485 1567 2538 arcer
1590 2466 1682 2552 quia,
1705 2466 1839 2552 qnando
1872 2468 2003 2532 accedit
2034 2477 2147 2532 motus

132 2561 167 2621 ia
194 2562 301 2621 rrtr'em
332 2563 482 2621 ueterem.
536 2552 707 2619 Sententia
734 2548 820 2615 baec
847 2563 917 2617 est:
952 2550 1113 2616 Doctrina
1165 2564 1336 2632 externus,
1357 2552 1492 2617 adiuvat
1512 2563 1637 2618 motum
1660 2552 1859 2618 interiorem.
1908 2553 1984 2632 Sic,
2011 2553 2145 2640 qnando

130 2636 297 2707 libertatis
319 2661 387 2706 non
415 2651 470 2706 est
500 2636 704 2705 infundenda
737 2639 769 2701 in
803 2639 949 2703 nondum
971 2658 991 2703 a
1017 2648 1112 2701 entes
1164 2639 1316 2705 doctrina
1337 2637 1503 2705 libertatis
1519 2636 1701 2704 infunditur
1722 2641 1755 2703 in
1777 2640 2148 2719 nonrecteinstitutoa‚

130 2729 383 2815 poeniteutiama
404 2723 460 2792 vel
481 2727 633 2792 doctriua
654 2721 817 2790 libertatis
840 2745 908 2790 nou
928 2657 1111 2789 eetlniun·
1163 2720 1246 2792 iacit
1266 2723 1354 2790 tales
1375 2721 1500 2791 balitus
1522 2726 1555 2790 in
1578 2726 1759 2791 mentibus:
1782 2725 1900 2791 Macbt
1920 2728 1976 2792 dic
1989 2727 2147 2811 aureque

130 2815 241 2883 denda
263 2816 297 2880 iu
319 2833 387 2879 non
407 2815 577 2879 cicuratos
605 2809 823 2898 poenitentia,
849 2811 996 2875 nondam
1020 2810 1112 2875 insti·
1164 2813 1280 2885 inibat
1297 2811 1464 2878 insaniant
1484 2831 1624 2898 prorsus
1645 2815 1679 2877 in
1702 2812 1851 2891 moribus
1866 2824 1901 2878 et
1917 2812 2147 2899 opinionibusa

130 2911 235 2982 tutos,
256 2902 402 2966 nondum
424 2901 579 2966 domitos.
620 2896 737 2965 Netttat
761 2902 815 2962 eia
842 2900 925 2978 prot
946 2894 1112 2980 &emper
1164 2898 1211 2964 lie
1230 2901 1275 2964 iet
1296 2899 1370 2964 kain
1385 2894 1521 2980 tantast
1541 2901 1577 2964 in
1597 2897 1716 2964 iciam
1737 2896 1935 2986 angeriaci·
1962 2900 2077 2979 ardut,
2109 2917 2147 2966 er
2285 2951 2288 2955 .

130 2986 221 3053 Ante
238 3007 348 3053 annos
368 2987 424 3067 26,
446 2997 482 3053 ut
502 2986 717 3064 meministis,
749 3002 824 3048 cam
853 2995 946 3048 esset
971 2984 1112 3069 primam
1162 2985 1467 3069 amescemecipenc
1483 2986 1672 3071 opinionem
1682 2984 1795 3052 bobert.
1839 2985 1999 3072 Sumite,
2035 2987 2148 3053 nando
2278 3011 2279 3014 ¹

155 3075 325 3141 medicata
347 3074 499 3140 doctriua
520 3070 697 3149 libertatis,
720 3066 813 3135 multi
841 3065 1112 3143 illamextende·
1162 3083 1293 3139 mentes
1314 3093 1381 3139 non
1404 3083 1483 3138 sunt
1506 3071 1675 3139 cicuratae
1696 3069 1950 3141 afflictionibus:
1971 3093 2011 3139 ae
2057 3092 2147 3139 meu·

46 3228 48 3233 ,
129 3093 230 3245 lant,
261 3162 348 3244 sicut
385 3181 476 3226 nunc
507 3161 606 3228 emm
637 3177 757 3229 ,omncs
789 3174 907 3221 snmus
937 3153 1111 3244 negligen·
1163 3171 1215 3225 tes
1233 3159 1402 3225 cicuratae
1424 3157 1507 3228 liunt
1529 3160 1790 3241 mansuetiores,
1811 3160 1976 3226 mitioresa
2004 3179 2073 3225 uon
2100 3162 2148 3227 ita

129 3248 246 3331 tiores,
278 3259 311 3313 ct
344 3248 469 3313 crescit
500 3245 641 3313 subinde
674 3239 842 3330 neglectio
860 3240 1057 3330 disciplinae
1076 3243 1112 3308 in
1163 3243 1295 3332 lingant
1316 3246 1502 3331 opiniones,
1525 3266 1593 3323 non
1614 3243 1731 3330 laaant
1751 3242 1869 3313 frenos
1896 3247 2146 3331 cupiditatibusa

129 3326 242 3419 miritis
261 3336 378 3400 rebus:
401 3337 453 3400 Da
474 3335 528 3401 dte
548 3335 681 3401 buaren
700 3329 847 3410 watra,
879 3332 933 3396 die
961 3329 1112 3397 cerates
1163 3344 1264 3420 aguet
1286 3341 1321 3398 et
1342 3332 1488 3398 indicant
1510 3332 1665 3398 timidius.

130 3424 235 3488 acuta
252 3425 335 3504 srep
354 3434 458 3504 repa,
476 3423 592 3487 antica
618 3423 669 3484 ric
688 3419 778 3483 ntcbt
797 3417 891 3483 meir
909 3418 1111 3499 soracten

130 3503 212 3572 item
247 3508 445 3590 rumpebant
475 3504 572 3592 leges
604 3502 852 3589 coniugiorum,
883 3505 953 3569 aad
981 3505 1113 3570 bteaeea

130 3594 192 3659 dea
213 3551 398 3659 libertatem
419 3589 653 3658 Christianam·
697 3590 743 3656 Ea
763 3591 887 3654 eieciat
904 3591 987 3655 norb
1003 3592 1112 3656 iudea

130 3681 232 3765 idaea
252 3684 359 3748 tcaten
388 3677 500 3746 odium
527 3671 741 3762 disciplinae,
767 3675 844 3762 quia
867 3671 1033 3741 Diabolus
1061 3683 1114 3740 est

130 3779 252 3833 auctor
274 3764 507 3840 &memacter-
540 3766 603 3831 liet
618 3764 684 3832 irat
703 3764 816 3829 aaut
850 3752 1112 3829 Homines-uon·

130 3849 210 3919 dum
232 3864 328 3918 eraut
349 3864 442 3922 recte
461 3849 620 3930 instituti,
645 3843 931 3935 amplectebantur
952 3844 1011 3914 illa
1032 3868 1113 3914 aaa·

130 3939 209 4007 dura
232 3940 383 4022 cicurati,
404 3951 438 4020 et
459 3936 574 4005 domiti
595 3934 809 4022 poenitentia.

217 4024 293 4092 Non
315 4024 444 4093 debetis
454 4021 608 4091 mutilare
618 4016 858 4110 lineaqelium.v
891 4019 939 4087 Er
958 4020 1032 4087 teet
1051 4038 1114 4088 aa:

129 4113 229 4198 Apite
248 4113 489 4198 poenitentiam,
510 4110 579 4176 aaa
597 4107 750 4176 macir
771 4100 895 4195 fotpetc
937 4105 1027 4175 terto
1049 4125 1114 4174 noa

131 4206 180 4264 cat
200 4201 395 4284 ieoeporiia.
438 4196 484 4264 tte
510 4196 585 4263 teta
611 4194 700 4263 mett
724 4213 790 4261 vett
817 4195 889 4261 dem
917 4213 978 4261 aa:
1019 4191 1112 4259 lusto

1408 3586 1472 3655 EX
1493 3588 1601 3655 ALtA
1622 3587 1896 3658 tettaesouta

1206 3787 1209 3792 ·
1250 3760 1398 3828 Historia
1420 3759 1634 3829 deblettbaei
1655 3763 1833 3829 vocatione
1855 3773 1890 3830 et
1910 3765 2146 3846 conversione,

1164 3847 1265 3916 debet
1285 3850 1384 3916 nobis
1406 3866 1484 3915 esse
1504 3849 1538 3914 in
1561 3862 1743 3937 conspectu
1765 3845 2035 3938 proptermnltas
2047 3870 2146 3918 cans·

1163 3954 1240 4014 ειη
1259 3935 1322 4001 sed
1343 3934 1492 4022 inprimis
1514 3950 1650 4022 propter
1668 3956 1875 4004 communem
1898 3937 2081 4004 domanam
2103 3938 2155 4004 de*

1165 4022 1399 4112 conversione,
1423 4024 1465 4089 de
1487 4023 1631 4111 gratuita
1652 4019 1942 4102 reconciliatione,
1972 4036 2006 4088 et
2026 4035 2148 4110 postea

1163 4110 1262 4263 effla
1273 4120 1321 4262 iffi
1343 4112 1531 4263 cotgitemap
1559 4110 1603 4175 de
1629 4110 1815 4176 ministerio
1834 4108 2012 4190 Matthaei,
2040 4122 2075 4177 et
2103 4110 2147 4177 de

1163 4216 1182 4263 a
1323 4216 1362 4263 us
1398 4215 1553 4284 emporis.

23 4284 27 4297 '
130 4304 199 4370 aon
222 4298 275 4351 est
296 4282 352 4352 lex
374 4285 496 4371 posita.
540 4281 686 4349 Eitea
710 4281 800 4348 nteit
820 4301 879 4349 aar
922 4281 998 4346 Non
1027 4300 1112 4369 agas

178 4372 383 4438 enitentiam:
405 4392 473 4439 uon
494 4370 612 4437 audias
630 4369 783 4448 verbum,
805 4369 901 4443 viras
912 4361 1019 4457 Cyclo
1044 4368 1112 4435 icea

185 4467 279 4524 tuna
300 4459 386 4524 alien
407 4457 599 4532 amtiuiiiea
619 4455 753 4521 cretica
797 4452 835 4520 st
857 4473 974 4522 sernas
1036 4453 1113 4533 ecti,

132 4542 256 4610 emmas
278 4541 373 4612 salvi.
416 4544 467 4612 ita
488 4541 676 4611 clamabant
698 4537 849 4621 atultiet
870 4560 992 4628 magna
1013 4541 1111 4607 nobis

133 4631 314 4697 cretamina
334 4631 541 4718 praebebant
563 4626 686 4696 talibus
708 4623 930 4708 clamoribus,
950 4629 984 4693 iu
1030 4627 1112 4693 rima

131 4715 185 4783 tas
230 4718 340 4784 ctione
371 4715 624 4796 Ecclesiarum,
656 4716 863 4803 praebebant
899 4647 1113 4780 occaslsnem

131 4821 166 4869 tu
202 4803 244 4869 tie
264 4804 424 4890 peccatis.
467 4803 602 4872 Memini
624 4823 743 4882 unum,
771 4801 839 4889 qni*
853 4811 906 4867 est
926 4796 1114 4867 decollatur
1164 4800 1236 4867 sire
1268 4799 1482 4880 Mattbaetcr,
1514 4800 1547 4866 id
1581 4811 1655 4881 eet,
1688 4800 1810 4867 donum
1836 4798 1915 4880 Dei,
1938 4798 2147 4888 Getieapoba.

131 4901 270 4977 propter
292 4886 499 4962 adulterium.
521 4891 577 4979 qai
611 4889 714 4970 dixit,
746 4886 812 4954 iam
828 4888 1042 4962 moriturus,
1074 4905 1114 4953 se
1163 4884 1322 4974 θιὸδυρος
1350 4886 1437 4952 idem
1463 4886 1651 4974 significat,
1679 4884 1736 4954 vel
1762 4885 1932 4962 erotem.
1975 4885 2044 4954 iste
2063 4905 2148 4954 vere
2214 4890 2219 4899 '

130 4995 236 5063 agere
257 4973 332 5043 Deo
353 4978 500 5065 gratias,
521 4977 612 5065 quod
643 4974 829 5042 abducatur
861 4993 904 5041 ex
935 4971 1001 5040 bac
1028 4975 1114 5050 vitea
1165 4969 1202 5039 er
1223 4972 1345 5041 donum
1368 4970 1445 5055 Dei,
1467 4992 1630 5061 organum
1652 4975 1798 5041 divinum
1824 4975 1858 5040 in
1885 4967 1942 5039 illa
1968 4973 2149 5057 vocatione

131 5063 210 5151 qaia
231 5063 304 5149 ipse
324 5084 392 5128 non
414 5075 578 5131 mumaset
600 5060 752 5142 vitam,ai
765 5060 949 5127 mansisset
968 5060 1003 5126 in
1025 5074 1114 5127 tran·
1164 5071 1243 5148 post
1265 5060 1530 5127 conversionem.
1574 5060 1686 5149 Atque
1709 5060 1766 5128 bia
1791 5062 1978 5129 iutueamur
1998 5078 2147 5129 comm*

131 5145 306 5238 qutlture
349 5148 506 5220 Cbrbtua
525 5149 583 5218 bie
603 5150 699 5217 dicit:
727 5143 808 5215 Veni
824 5166 946 5215 eccm
962 5155 1115 5234 meanto·
1164 5166 1241 5215 nam
1262 5146 1448 5216 deciduam
1468 5147 1513 5213 de
1532 5148 1745 5235 mmitentia.

1211 4527 1472 4615 Vocabulum
1501 4538 1695 4607 Mariccus
1724 4529 1824 4642 quid
1852 4528 2086 4644 significat?

1248 4710 1311 4780 Est
1331 4712 1419 4781 idem
1448 4732 1589 4796 nomen,
1616 4715 1689 4781 sive
1714 4714 1947 4799 pronuntietur
1966 4713 2145 4795 Matilica,
2282 4717 2285 4722 ’
