4620 5588
163 373 254 453 faura
267 380 404 453 prepter
420 373 610 452 proximan.
654 370 747 438 Deus
769 370 840 437 vult
867 372 1045 436 discrimen
1068 391 1147 437 esse

166 455 383 525 honestorum
404 471 438 522 et
469 460 611 542 turpium
643 459 677 521 in
710 461 884 522 mentibus.
928 456 1046 522 Potest
1067 477 1146 523 esse

165 541 298 611 humilis
320 547 440 622 etiam,
473 546 528 628 qui
560 542 706 609 defendit
728 564 823 609 suam
847 544 979 608 lituram.
1017 542 1096 624 Ἀμι
1113 543 1147 609 δε

166 634 286 715 ἱςφιὸς
306 633 360 710 τήν
386 629 535 708 ἀλήθειαν
562 630 679 712 χρόνος.
723 630 798 695 Νοη
833 632 992 695 dehemus
1020 640 1147 695 tentare

166 718 311 785 rentedia
334 714 459 782 illicita.
501 716 539 776 fn
561 717 709 793 silentiu,
742 702 872 795 idest,
898 718 932 780 in
953 737 1021 781 nnn
1043 717 1145 781 vindi·

167 805 299 882 oantlu,
332 805 364 868 in
398 820 465 866 non
487 804 652 868 turbando
673 802 797 868 illicitis
820 804 941 868 modis:
962 810 993 862 el
1014 821 1084 884 spe,
1114 803 1147 867 id

167 901 232 969 ast,
249 889 417 974 sperando
439 884 594 954 auxilium
616 911 635 952 a
658 887 733 955 Deo
757 891 818 954 erit
841 890 999 955 fortitudo
1022 902 1146 954 vestra.

322 1220 569 1334 Etymon
612 1223 995 1304 humititatis.

254 1403 393 1482 Nomen,
414 1403 588 1476 inutilitas,
615 1405 781 1489 significat
803 1402 944 1482 humile,
968 1406 1057 1490 quod
1080 1424 1147 1468 non

167 1503 221 1556 est
242 1488 355 1568 altum,
372 1490 460 1576 quod
483 1503 535 1555 cst
557 1493 764 1576 depressum.
810 1489 982 1556 ilumilitas
1006 1512 1072 1554 non
1096 1502 1148 1554 est

167 1595 287 1645 nomen
318 1577 470 1655 virtutis,
504 1579 592 1661 apud
628 1589 759 1642 ueteres
782 1576 929 1641 Latinus.
974 1575 1010 1639 in
1033 1574 1148 1663 lingua

69 1678 80 1693 ⁰
167 1661 287 1728 Latina
307 1661 406 1728 natata
426 1663 598 1728 modestia.

828 179 939 249 eun.
961 179 1067 249 aar.
1087 178 1275 253 sontum
1294 175 1560 261 mantica

1218 373 1518 459 Consolatio
1551 375 1599 457 in
1629 375 1772 457 malis
1801 386 1977 458 nostra
2005 374 2153 486 culpa

1561 529 1819 613 attractis.

1284 711 1468 777 Menander
1489 713 1607 798 inquit,
1625 712 1730 775 Malta
1748 712 1846 793 plura
1866 731 1934 773 erre
1948 709 2176 785 aonam-nata,

1196 820 1287 882 mmm
1309 797 1469 879 αὐτόματα.
1498 797 1579 865 Vult
1601 811 1712 866 autem
1734 796 1829 864 Deus
1851 819 1949 884 opem
1967 797 2057 862 ferre
2075 797 2177 862 omni·

1199 889 1262 950 bas
1285 884 1553 971 confugientibus
1576 887 1619 951 ad
1636 885 1665 949 F
1666 883 1773 961 ilium;
1794 887 1873 970 quia
1893 886 2113 949 iuramentum
2124 894 2179 948 est

1197 968 1405 1038 universale:
1442 971 1519 1038 Viuo
1540 992 1610 1053 epo,
1631 972 1705 1034 noto
1734 979 1863 1037 mortem
1890 972 2086 1052 peremeris,
2119 969 2179 1037 aad

1197 1064 1234 1122 nt
1256 1064 1455 1122 amentata·
1476 1065 1507 1122 et
1528 1062 1624 1123 aaut.
1668 1057 1947 1123 commendemus
1968 1056 2045 1122 Deo
2067 1057 2178 1142 dispu-

1199 1145 1354 1208 tationem
1378 1144 1419 1209 de
1442 1165 1567 1211 caussa
1591 1156 1779 1209 nostrarum
1798 1164 2043 1221 aerumnarum,
2067 1154 2100 1207 et
2122 1163 2179 1218 co·

1199 1230 1340 1316 gitemas
1377 1250 1457 1295 esse
1500 1233 1724 1297 necessariam
1758 1229 2004 1296 confessionem
2037 1231 2178 1313 peccati,

1197 1335 1278 1381 vere
1300 1337 1581 1401 expavescamus:
1609 1337 1676 1382 non
1699 1318 1804 1381 simus
1827 1318 1911 1393 duri,
1933 1316 2122 1401 pertinaces
2144 1328 2178 1380 ct

1197 1416 1456 1488 perseverantes
1477 1404 1511 1468 in
1534 1402 1683 1471 delictis:
1716 1404 1761 1467 sit
1792 1400 1914 1488 aliquis
1944 1401 2043 1467 dulor
2063 1403 2096 1466 in
2118 1418 2178 1467 no·-

1201 1491 1263 1566 his,
1290 1508 1350 1554 seu
1386 1491 1558 1572 contritio,
1585 1504 1619 1556 et
1653 1485 1882 1574 confugiamus
1904 1491 1947 1553 ad
1975 1485 2091 1552 Filium
2113 1487 2177 1554 Dei

1199 1575 1275 1640 tide.
1318 1575 1413 1641 llaec
1435 1578 1568 1662 quando
1592 1577 1687 1654 fiunt,
1707 1588 1788 1640 tunc
1806 1576 1879 1640 siue
1900 1575 2104 1641 dubitatione
2126 1595 2178 1639 re-

1199 1662 1370 1727 mittuntur
1391 1674 1543 1746 peccata,
1565 1674 1600 1728 et
1621 1661 1782 1728 tolluntur
1802 1682 1932 1747 poenae
1954 1672 2122 1741 aeternae,
2144 1675 2179 1726 et

1199 1747 1394 1832 corporales
1415 1749 1615 1836 mitigantur.
1659 1749 1727 1813 lam
1749 1760 1803 1814 est
1818 1745 2008 1812 horribilior
2022 1745 2176 1813 confusio

1094 1872 1097 1876 <
1199 1854 1309 1900 rerum
1330 1836 1487 1916 umatum,
1519 1856 1617 1920 quam
1638 1833 1718 1901 ullis
1739 1835 1954 1918 temporibus.
1997 1832 2088 1900 Talis
2109 1854 2179 1899 mo·

428 1992 538 2096 Quid
569 2012 632 2077 est
661 1995 887 2078 modestia?

255 2175 316 2241 Est
338 2179 458 2258 virtus,
480 2198 547 2262 qua
571 2176 782 2256 cohibemur,
811 2199 854 2241 ne
875 2180 909 2242 in
932 2178 1085 2263 opinione
1108 2183 1150 2244 dc

169 2266 266 2333 nohis
289 2274 346 2329 aut
378 2265 411 2327 in
444 2284 619 2343 sermone,
654 2276 687 2327 et
720 2277 819 2349 gestu
850 2286 1019 2329 sumamus
1053 2269 1150 2332 rachis

168 2349 277 2438 plura,
301 2371 400 2434 quarn
424 2351 597 2429 convenit,
626 2366 658 2415 et
687 2372 861 2415 servamus
884 2354 1149 2417 convenientiam

170 2447 408 2523 congruentem
432 2457 612 2519 personae:
636 2437 667 2500 id
691 2457 754 2513 es,
779 2437 868 2500 Duas
888 2437 941 2501 ich
961 2438 1042 2499 anicia
1063 2436 1150 2500 nicht

165 2524 221 2602 sar
240 2523 376 2606 pclsrter
396 2521 492 2602 bulte,
504 2523 586 2584 dena
608 2523 661 2587 ich
682 2524 747 2600 din,
759 2525 823 2583 und
833 2524 894 2585 clas
915 2543 948 2584 et
969 2547 1029 2606 pur
1049 2526 1150 2607 wettip

169 2630 233 2694 rep,
257 2610 334 2671 datr
355 2606 406 2669 iclt
428 2608 500 2674 kun.
546 2609 711 2688 ltenr,r!nt
733 2612 817 2671 cister
839 2611 907 2675 n'clt
927 2611 1014 2673 triciti
1035 2611 1149 2684 adame,

169 2696 230 2760 das
250 2717 284 2759 er
306 2695 409 2758 attenta
430 2695 500 2758 kun.
530 2694 622 2774 ltctn,
639 2708 675 2761 ut
696 2695 922 2763 scltolttstictts
943 2699 986 2763 sit
1009 2696 1150 2766 honeste

169 2784 311 2862 vestias,
332 2803 400 2848 non
423 2779 552 2847 militari
576 2784 692 2847 modo:
722 2782 875 2848 hlatrona
908 2783 1074 2865 honesta,
1106 2787 1150 2850 sit

170 2869 312 2936 honeste
337 2868 461 2946 vestie,
491 2889 558 2932 non
586 2871 772 2933 meretricio
800 2891 904 2935 mure.
948 2875 982 2937 Iu
1005 2870 1071 2935 hac
1094 2874 1150 2938 de·

170 2956 351 3041 scriptione
371 2955 565 3033 modestiae,
578 2966 610 3018 ct
632 2957 807 3021 contrariis
828 2958 928 3036 vitiis,
940 2959 1151 3025 considerate

169 3043 335 3121 virtutem,
357 3062 442 3125 qttac
460 3053 511 3104 cst
532 3038 711 3106 humilitas.

258 3158 412 3224 Extrema
434 3172 523 3239 sunt,
546 3161 726 3246 Superbia,
751 3163 964 3247 Arrogantia,
981 3164 1151 3248 impuden-

170 3251 228 3326 tia,
251 3243 419 3311 Pusillitas
442 3249 565 3324 animi,
597 3268 684 3311 wenn
716 3248 784 3312 sich
806 3252 891 3310 einer
912 3252 969 3312 cles
990 3250 1077 3314 nicht
1099 3252 1155 3312 wil

171 3353 328 3404 muscanea,
351 3334 412 3398 tias
434 3354 468 3393 er
489 3333 551 3397 soll
572 3335 656 3398 flattu.
701 3336 794 3415 ltcm,
816 3335 1019 3408 illonastica,
1047 3339 1151 3402 hurni-

170 3419 259 3499 lites,
283 3440 369 3506 quae
392 3422 481 3485 intus
503 3433 555 3484 est
577 3419 675 3506 plenu
698 3424 898 3506 superbiae,
933 3436 966 3488 ct
988 3423 1069 3489 foris
1100 3435 1152 3488 est

171 3508 368 3574 extenuatio.
439 3506 559 3570 Graeci
592 3507 679 3572 tales
713 3520 834 3573 vocant
867 3510 1150 3594 βαυκοπανούργους.

170 3590 372 3661 Aristoteles
395 3594 540 3658 nominat
562 3593 764 3673 ἅκκίζεσθαι,
797 3615 883 3655 werra
921 3598 974 3658 dte
1006 3598 1150 3660 uttetdletn

171 3682 241 3761 (taff
252 3681 321 3741 dem
343 3688 413 3740 tam
434 3699 546 3762 rupen:
569 3680 620 3741 t'cla
642 3681 698 3742 wil
721 3681 823 3754 nicltt,
846 3681 953 3763 acltlap
973 3685 1053 3745 mich
1078 3685 1152 3746 ader

169 3766 275 3851 pleiclt
296 3765 379 3826 wohl
398 3766 462 3830 hiat.
507 3767 586 3831 lndc
609 3766 754 3848 ἀκκισμός
776 3768 873 3842 facist,
901 3789 987 3830 menn
1014 3770 1081 3836 sicit
1110 3774 1151 3831 ai·

170 3874 226 3916 tter
246 3875 283 3916 ao
294 3855 398 3933 sciren
420 3852 506 3926 latet,
527 3874 614 3915 wana
636 3874 670 3915 er
692 3863 787 3916 etruur
808 3855 860 3916 aul
879 3855 965 3921 than.
1009 3856 1151 3931 Quando

170 3953 248 4007 suut
271 3953 410 4006 naturae
427 3937 601 4020 delicatae,
625 3952 703 4005 tuuc
725 3939 837 4006 solent
858 3941 1048 4024 ᾰκκίζεσθαι.
1071 3942 1152 4010 illae

169 4038 309 4093 naturae
330 4026 488 4092 vitandae
510 4038 600 4108 sunt,
618 4038 775 4114 quantum
799 4028 870 4094 fieri
891 4041 1013 4115 potest.

248 4161 419 4245 Ἄκκισμός,
437 4175 487 4230 est
508 4164 637 4230 ironica
660 4165 825 4231 occulatio
848 4169 1036 4254 superbiae.
1079 4169 1151 4230 Das

170 4250 238 4313 ricla
260 4253 345 4312 sister
365 4252 439 4313 stult
461 4273 497 4313 un
515 4252 612 4334 heilip
629 4252 676 4314 alr
692 4256 741 4313 eia
754 4254 878 4315 diducit.
921 4254 1150 4321 Thrasonismi

170 4349 249 4402 sunt
267 4339 427 4403 notiores.
479 4337 677 4424 Ubicunque
709 4338 829 4404 milites
862 4352 962 4420 sunt,
995 4343 1038 4407 ihi
1072 4355 1150 4408 sunt

169 4422 262 4490 multi
285 4423 476 4489 thrasones.
520 4424 595 4490 Nou
619 4427 839 4491 enimomnes
862 4437 938 4491 sunt
960 4428 1149 4513 Scipiones,

169 4511 289 4591 idest,
311 4514 345 4577 in
367 4511 485 4596 paucis
507 4522 559 4576 est
580 4513 698 4578 virtus.
743 4512 805 4577 Est
826 4515 859 4579 in
883 4512 1036 4593 historia,
1059 4516 1150 4601 quod

169 4588 293 4662 Darius
326 4595 480 4662 hahuerit
513 4599 720 4682 capitaneum
748 4597 911 4665 Rhodium
945 4599 1150 4686 praefectum

171 4681 275 4749 classi
294 4681 399 4750 Darii.
444 4680 501 4749 ilie
521 4686 672 4751 audierat
695 4685 826 4751 militem
840 4685 1079 4754 contumeliose
1101 4686 1151 4753 lo·

171 4776 323 4923 pudorem
348 4771 390 4837 de
412 4766 627 4851 Alexandro,
658 4773 826 4876 percussit
856 4794 932 4838 eum
965 4773 1084 4854 hasta,
1117 4787 1151 4842 et

195 4869 268 4922 txttr
289 4855 362 4938 Epo
385 4864 416 4917 te
442 4857 598 4927 conduxi,
620 4867 655 4921 ut
672 4859 842 4940 praehens
864 4879 931 4922 cant
952 4862 1150 4925 Alexandro.

170 4939 218 5003 Er
233 4944 293 5003 iata
314 4942 402 5006 nicht
422 4942 530 5018 warni,
552 4943 613 5005 dat
635 4946 680 5009 dn
700 4945 755 5008 ilua
775 4945 931 5012 sanatae.

1184 5031 1337 5095 'Fraum
1363 5033 1431 5096 rard
1460 5033 1605 5100 Pristin·
1630 5031 1772 5105 nebrot,
1805 5033 1877 5095 ἆιηι

1199 1933 1254 1992 tus
1274 1922 1329 1984 rix
1349 1917 1470 2007 aliquis
1487 1919 1548 1987 fuit
1568 1923 1603 1987 in
1626 1920 1823 2000 Germania,
1850 1941 1953 1985 aenne
1982 1919 2060 1982 Gutt
2092 1922 2180 1986 nicht

1199 2007 1281 2072 raird
1298 2006 1403 2068 nullan
1425 2027 1489 2072 sna
1510 2009 1683 2092 sapientia,
1706 2026 1743 2071 ru
1760 2007 2080 2072 wirdtaadelstelren.
2103 2007 2186 2071 Non

1200 2090 1308 2158 solum
1329 2091 1498 2161 laceretur
1522 2095 1707 2178 imperium,
1729 2094 1790 2156 sed
1813 2096 1911 2159 ctiam
1925 2094 2078 2158 Ecclesia
2090 2091 2178 2159 lace-

1201 2190 1291 2243 retur·
1312 2183 1409 2244 novis
1431 2182 1660 2267 dogntatibus:
1681 2200 1773 2240 artarer
1799 2180 1883 2241 Herr
1912 2180 1989 2242 Gott
2018 2181 2097 2260 belli
2112 2201 2177 2243 etna.

1200 2267 1353 2330 Sciamus
1384 2286 1463 2330 esse
1496 2267 1719 2334 necessariam
1752 2268 2015 2344 invocationem,
2048 2268 2180 2331 etiamsi

1202 2352 1307 2417 ntetiti
1329 2356 1432 2417 simus
1451 2375 1595 2437 poenas,
1617 2356 1707 2418 iuxta
1730 2350 1829 2417 illud:
1851 2353 1936 2416 Iram
1958 2353 2089 2415 Dauniae·
2104 2373 2180 2434 pur·

1202 2439 1285 2509 tuda,
1307 2442 1382 2520 palu
1401 2443 1535 2520 peccaui
1555 2445 1604 2499 ei:
1624 2460 1726 2500 uanam
1749 2446 1849 2499 tamen
1872 2441 2068 2506 carmardam
2090 2443 2179 2501 inte·

1200 2526 1319 2597 nebris,
1351 2526 1507 2588 Dauniam
1539 2530 1600 2588 erit
1632 2525 1697 2590 laa-
1719 2546 1804 2589 ntea.-
1834 2527 1868 2591 id
1890 2537 1960 2606 est,
1990 2525 2179 2593 consolabi-

1200 2623 1254 2679 tur
1272 2633 1334 2676 me.

1253 2858 1337 2943 Cur
1367 2861 1481 2944 Deus
1512 2861 1632 2942 diem.
1653 2872 1696 2943 et
1724 2873 1888 2942 noctem
1920 2861 2128 2944 condidit?

1288 3042 1334 3108 Ut
1355 3044 1422 3111 sint
1454 3045 1609 3109 distincta
1641 3054 1791 3129 tempora
1823 3043 1948 3110 laboris
1982 3056 2031 3111 et.
2047 3048 2181 3132 quietis:

1203 3129 1298 3199 Quod
1320 3139 1408 3192 curet
1429 3131 1555 3196 altana
1574 3134 1691 3213 rapacia,
1719 3131 1862 3193 durabile
1884 3151 1945 3193 nun
1963 3140 2020 3194 cat.
2064 3126 2179 3210 Scitis,

1202 3229 1361 3302 quantum
1383 3219 1579 3283 beneficium
1601 3221 1645 3282 sit
1668 3238 1816 3283 sumnus.
1866 3217 1963 3279 Weua
1986 3223 2036 3279 eia
2047 3218 2181 3283 Manuale

1202 3305 1290 3366 nicht
1322 3303 1471 3385 tcdhffen
1504 3306 1604 3384 kantr,
1637 3326 1672 3366 ru
1704 3307 1763 3371 iste
1795 3307 1863 3372 eine
1892 3327 2004 3387 prosse
2035 3306 2181 3371 miseria.

1202 3390 1234 3457 2.
1258 3390 1377 3456 Sinon
1403 3404 1518 3457 essent
1541 3393 1733 3456 discrimina
1755 3395 1864 3458 noctis
1887 3405 1920 3456 et
1936 3396 2012 3474 diei,
2023 3412 2089 3458 non
2101 3412 2180 3478 pos·

1203 3481 1269 3543 sint
1290 3480 1456 3543 nunterari
1478 3479 1561 3544 dies.

1290 3563 1389 3625 Pater
1411 3585 1500 3628 meaa.
1516 3572 1677 3646 operatur,
1710 3572 1742 3625 et
1774 3585 1833 3646 epu
1855 3573 1991 3647 macron]
2037 3562 2181 3631 Conser-

1203 3651 1338 3716 vatione
1360 3664 1499 3720 naturae
1522 3665 1555 3716 et
1577 3653 1793 3718 restitutione.
1840 3653 2034 3717 Praesentia
2052 3653 2182 3717 uuiver-

1203 3734 1284 3802 salis
1307 3735 1372 3802 Dei
1402 3750 1464 3816 est,
1492 3759 1559 3824 qua
1590 3735 1685 3803 Deus
1719 3739 1761 3801 ud
1783 3751 1837 3803 ast
1859 3750 2054 3805 sustentans
2078 3750 2182 3803 totam

1203 3844 1314 3888 retum
1332 3836 1494 3891 naturam.
1538 3823 1637 3888 Actio
1660 3822 1820 3906 specialis
1846 3836 1899 3890 est
1931 3826 2094 3891 restitutio
2122 3823 2182 3890 ho·

1202 3912 1336 3989 minum,
1368 3925 1507 3996 propter
1540 3931 1637 3996 quam
1665 3908 1768 3975 Filius
1797 3909 1862 3976 Dei
1884 3911 2007 3978 missus
2029 3922 2104 3977 est.
2146 3909 2180 3974 ls

1202 3994 1359 4148 patefacit
1390 4000 1489 4063 nobis
1521 3999 1679 4076 verbum,
1711 4008 1746 4062 et.
1777 3994 1860 4063 illud
1893 4010 2093 4077 conservat,
2125 3996 2182 4062 dut

1231 4084 1527 4167 piritumsauctnm
1549 4094 1583 4149 et
1605 4085 1758 4150 accendit
1780 4103 1889 4151 novus
1911 4095 2021 4153 motus
2033 4084 2066 4150 in
2078 4085 2183 4150 corde

1202 4171 1415 4238 credentium.
2170 4206 2174 4213 ·

1238 4505 1406 4589 Poena
1437 4517 1762 4617 contemptus
1792 4503 2140 4589 minist-rorum

1550 4659 1829 4744 Ecclesiae.

1239 4938 1244 4946 ,
1290 4858 1355 4933 Qut
1375 4880 1443 4925 non
1465 4858 1610 4927 honorat
1631 4860 1860 4939 ministerium,
1882 4860 1912 4923 is
1936 4870 2028 4925 certe
2049 4860 2184 4946 punitur

1203 4942 1333 5013 aileu.
1377 4945 1458 5012 inde
1475 4957 1528 5012 ast
1549 4959 1646 5013 vetus
1669 4947 1791 5012 dietum
1810 4944 2072 5012 Germanorumt
2109 4945 2184 5008 War·

1203 5116 1287 5183 nata
1304 5119 1398 5188 wahl.
1446 5156 1449 5163 ·
1503 5134 1533 5169 '-
1903 5031 2011 5179 llll&
2042 5035 2182 5209 datm
