4620 5588
166 200 240 283 diiii
551 123 568 151 ‘
773 238 780 249 ι
810 199 924 269 PHih.
946 198 1054 267 nai..
1075 195 1265 266 wama
1286 196 1551 269 EXEGE‘l'lGA.
1995 194 1998 199 ’
2120 202 2188 273 m

100 396 105 410 '
168 397 296 461 minare
313 410 441 479 genum
470 409 652 473 possumus
674 390 799 470 dicere,
821 401 1052 478 argumentum
1075 387 1184 488 esse}
1293 388 1352 452 ilis
1385 389 1590 473 argumentis
1622 400 1676 453 est
1708 389 1806 454 vobis
1839 391 2014 469 utendum,
2052 395 2187 477 quando

170 502 212 547 ex
234 479 363 545 hiiuon'.
1199 473 1351 564 ‘scribitis
1378 475 1421 539 ad
1446 485 1605 557 patronos
1628 487 1772 541 vestros.
1817 472 1878 543 list
1906 487 2004 561 grata
2025 479 2074 545 eis
2096 500 2186 546 com·

256 565 293 631 Si
314 562 370 630 ille
392 575 445 629 est
465 564 512 628 ita
535 564 694 648 prudens,
715 561 951 648 multomagis
974 583 1048 628 vos.
1091 561 1155 627 Est
1205 561 1411 639 memoratio,
1435 571 1468 624 et
1491 561 1587 625 vobis
1610 570 1642 626 et
1664 557 1729 625 illis
1753 572 1804 626 est
1826 561 2060 629 consolationi.
2104 563 2185 632 Mihi

113 710 124 719 ,
170 654 336 731 usitatum,
358 652 448 737 quod
470 648 622 735 exempla
638 650 974 714 sumanturetiamab
989 647 1152 733 hostibus.
1204 668 1272 712 non
1295 648 1429 713 dubium
1451 659 1515 725 est,
1537 644 1724 733 quinDeus
1746 646 1857 714 multis
1881 648 2053 716 beneficiis
2075 665 2186 718 osten·

170 740 215 806 Ut
236 737 459 824 pulcherrime
475 739 578 823 inquit
596 732 801 821 Sophocles:
824 734 893 798 :tei
914 739 1037 820 ἐχθρῶν
1055 733 1154 802 πολλοὶ
1204 736 1262 800 dat
1283 734 1546 799 misericordiam
1568 754 1663 799 suam
1695 731 1781 814 illis,
1815 737 1872 819 qui
1896 733 2107 804 benefaciunt
2128 740 2173 804 rui

168 826 376 908 μανθάνωσιν
398 829 427 888 oi
450 832 547 908 σοφοί.
582 824 643 888 Eia
663 822 816 907 ieplicber
837 843 906 887 mas
932 825 998 887 ciel
1031 825 1153 901 imnen,
1185 821 1365 899 misterio,
1402 833 1434 886 et
1466 816 1583 884 iuvent
1616 820 1741 894 studia,
1771 821 1841 887 Obs
1869 823 1968 887 sebon
2007 823 2095 888 aicbt
2123 826 2184 891 oii-

168 933 232 980 eoa
254 914 363 977 scitum
379 909 525 992 laudm,
549 912 603 975 die
624 910 687 975 ibin
709 918 862 995 eotpepen
878 910 957 974 sein.
988 908 1154 999 Hannibal
1203 909 1264 972 seit
1282 907 1394 993 pedet,
1432 909 1491 971 wie
1511 913 1571 972 aaa·
1593 909 1722 985 cotta,
1762 923 1872 974 tamen
1902 923 1982 974 sunt
2009 909 2184 978 manifesta

170 1000 290 1066 erudiit
311 998 461 1076 Fabium,
484 1009 518 1061 et
539 997 662 1062 Fabius
685 997 803 1062 erudiit
825 994 1056 1061 Hannibalem.
1087 995 1152 1060 Ha·
1203 992 1355 1078 exempla
1376 995 1507 1059 divinae
1529 994 1748 1078 praesentiae.
1777 993 1936 1059 Homines
1949 998 2185 1063 etiamhabent

171 1088 228 1153 bct
252 1087 393 1150 eundem
416 1081 618 1149 versiculum
641 1083 898 1168 Aristophanes:
936 1083 986 1148 Ab
1007 1081 1153 1150 hostibus
1203 1092 1343 1166 peccata
1365 1077 1481 1157 multa,
1503 1081 1642 1145 doromb
1663 1101 1772 1146 mosen
1799 1083 1847 1145 sie
1873 1083 1956 1147 oucb
1978 1103 2104 1167 poenas
2125 1083 2183 1150 bu-
2252 1082 2256 1089 ’

170 1175 271 1238 actito
304 1173 433 1238 dmartii
460 1171 633 1255 sopientes.
678 1169 733 1233 ch
753 1169 836 1235 liobe
856 1171 921 1234 aiei
940 1188 1068 1234 massera
1089 1172 1152 1233 ier·
1203 1168 1281 1236 beoz,
1298 1180 1332 1232 et
1353 1180 1464 1232 tamen
1487 1166 1580 1232 Dcus
1602 1168 1730 1252 mitigat
1752 1188 1880 1253 poenas
1901 1181 2038 1254 propter
2058 1167 2115 1235 illa
2129 1172 2183 1236 be·

168 1278 231 1324 oen
251 1279 313 1325 oon
334 1277 455 1323 ansam
474 1258 686 1322 adversariis.
730 1257 868 1321 Ferrum
889 1252 988 1337 ferro
1010 1258 1151 1321 acuitur.
1202 1254 1331 1320 neiicia.
1378 1254 1449 1319 Dua
1470 1252 1551 1320 beist
1580 1254 1663 1319 acob
1688 1258 1839 1338 recipere
1861 1257 1893 1318 in
1917 1271 2052 1321 aeterna
2073 1258 2182 1322 taber·

169 1342 299 1434 Singuli
333 1343 436 1409 multa
462 1344 621 1408 discimus
650 1344 772 1423 abiis,
806 1364 893 1428 quos
925 1343 1151 1409 existimamus
1202 1338 1332 1407 nacula.
1377 1340 1541 1405 Addenda
1570 1353 1624 1406 est
1645 1353 1753 1407 autem
1777 1354 1811 1407 et
1831 1343 1929 1406 tertia
1950 1338 2085 1409 solutio:
2119 1341 2182 1408 Re-

145 1435 269 1497 'uobis
303 1452 387 1497 esse
414 1430 572 1509 infestos,
601 1443 634 1496 et
663 1430 717 1515 qui
742 1426 978 1515 belligerantur
999 1426 1054 1495 vel
1076 1451 1151 1495 cum
1201 1430 1320 1512 cipimt
1340 1446 1399 1492 eos
1421 1430 1455 1491 io
1477 1435 1613 1492 oetaeo
1626 1428 1857 1494 tuberaaacuio:
1879 1441 1932 1493 est
1948 1429 2181 1515 synecdoche.

169 1518 398 1593 oinionihus,
435 1514 489 1594 ajel
512 1539 585 1581 cuni
620 1529 707 1582 statu
742 1528 868 1581 nostro.
915 1515 964 1582 lta
987 1513 1151 1582 hocloco
1201 1513 1313 1579 Debet
1330 1511 1632 1600 intelligiprimurn
1657 1518 1813 1593 omnium,
1837 1513 1994 1579 Christus
2016 1512 2181 1583 Dominus

167 1540 324 1671 Ebrietas
357 1604 449 1689 ponit
483 1601 672 1689 exemplum
701 1601 849 1669 amalis.
902 1602 1031 1669 Wieaooi
1050 1623 1087 1669 es
1107 1605 1151 1668 ist
1201 1599 1388 1680 Ecclesiae,
1411 1614 1445 1665 et
1467 1601 1620 1666 conditor·
1641 1599 1730 1666 illius
1751 1602 1876 1667 aeterni
1899 1600 2117 1668 tabernaculi.

167 1693 260 1759 mehr
292 1713 314 1756 a
346 1693 478 1757 hlinori.
529 1693 565 1757 si
598 1687 654 1754 ille
688 1703 740 1755 est
772 1690 814 1755 de
846 1691 934 1756 victu
976 1687 1150 1769 sollicitus,
1287 1687 1333 1752 Es
1354 1690 1510 1772 orpuireu
1533 1687 1612 1752 uber
1633 1689 1717 1754 oucb
1739 1688 1851 1754 attiche
1870 1689 1998 1754 aarum
2023 1688 2066 1754 de
2089 1687 2182 1756 cultu

170 1793 294 1865 quarite
318 1780 424 1864 magis
447 1797 521 1855 vos,
543 1778 598 1863 qui
621 1777 704 1841 estis
725 1778 759 1840 in
777 1773 942 1855 Ecclesia,
976 1777 1022 1841 ita
1044 1773 1149 1843 collo·
1200 1785 1406 1840 sanctornm.
1457 1773 1651 1839 Beneiacite
1683 1776 1827 1853 sanctie,
1862 1772 1910 1840 illi
1944 1777 2086 1841 orabunt
2119 1794 2180 1859 pro

171 1879 245 1931 cate
266 1867 454 1950 pecuniam,
476 1876 511 1929 ut
533 1868 565 1928 in
590 1865 678 1928 omni
701 1866 895 1930 aeternitate
918 1864 1015 1927 vobis
1032 1865 1149 1948 prosit.
1201 1863 1309 1926 vobis.
1355 1860 1441 1933 Quid
1466 1861 1519 1925 hic
1540 1872 1593 1925 cst
1615 1861 1843 1928 sentiendum?
1864 1861 2078 1946 Respondeo.
2106 1862 2182 1928 Sin·

256 1952 322 2016 iam
357 1948 444 2016 velle
478 1948 646 2016 collocare
679 1951 853 2035 pecuniam
870 1950 903 2014 io
922 1887 1178 2028 ministerium,l
1225 1945 1270 2013 uli
1293 1949 1454 2012 dehemus
1477 1969 1575 2012 orare
1597 1969 1659 2032 pro
1681 1948 1854 2027 omnibus,
1883 1949 1938 2034 qni
1970 1945 2182 2025 benefaciunt

170 2053 262 2104 certe
285 2040 421 2123 requirit
442 2037 689 2124 cogitationem,
711 2039 753 2104 de
775 2047 844 2101 tota
869 2037 1090 2102 conversione
1106 2036 1150 2101 ad
1250 2033 1387 2102 clasiae.
1414 2032 1476 2100 lile
1497 2046 1550 2099 est
1571 2035 1736 2119 pessimus
1757 2046 1792 2099 et
1813 2035 2056 2120 ingratissimus
2068 2036 2181 2114 homo,

169 2122 291 2201 Deum,
324 2127 365 2189 de
389 2124 465 2202 lide,
501 2126 542 2188 de
565 2121 735 2188 voluntate
758 2122 833 2200 Dei,
868 2127 908 2185 de
931 2124 1050 2187 iudicio
1074 2122 1150 2199 Dei,
1199 2122 1253 2207 qui
1277 2140 1343 2185 non
1367 2133 1441 2184 orat
1461 2122 1531 2207 ipro
1565 2122 1647 2205 piis,
1681 2123 1737 2208 qui
1760 2117 1936 2186 Ecclesiae
1960 2120 2180 2188 benefaciunt·

170 2211 212 2275 de
234 2208 346 2276 futura
367 2213 582 2286 aeternitate3
604 2211 680 2274 inde
703 2211 841 2294 potestis
857 2210 1017 2284 iudicare,
1041 2208 1149 2296 qualis
1200 2208 1247 2273 lta
1270 2208 1378 2273 sancti
1400 2220 1496 2272 orant
1518 2228 1579 2292 pro
1602 2206 1677 2273 aliis
1699 2211 1733 2273 in
1754 2205 1820 2271 hac
1835 2208 1916 2273 vita:
1939 2206 2181 2283 corripiendam

1174 2017 1178 2067 Ε

40 2292 42 2297 ’
139 2300 213 2363 -sit
234 2299 362 2361 insania
385 2317 512 2374 eorum,
535 2297 590 2382 qui
613 2295 1149 2382 lrarrcgratissimamsententiam
1200 2315 1314 2360 eorum
1335 2293 1575 2359 salutemDeo.
1610 2292 1740 2359 Deinde
1763 2297 1860 2359 etiam
1882 2297 2003 2374 sancti,
2025 2295 2182 2380 quisunt

168 2381 375 2448 transierunt
389 2385 432 2448 ad
447 2381 655 2467 corruptelas
668 2383 841 2448 doctrinae
854 2382 896 2447 de
916 2382 993 2461 lide,
1016 2383 1149 2469 quando
1199 2382 1233 2446 in
1257 2379 1367 2460 coelo,
1390 2399 1509 2446 revera
1530 2392 1627 2445 orant
1647 2401 1711 2466 pro
1732 2379 1900 2459 Ecclesia,
1923 2402 1991 2445 rous·
2011 2387 2114 2448 sottea
2134 2384 2182 2447 aio
2236 2423 2240 2432 -

168 2473 219 2535 sic
241 2481 531 2557 argumentantur:
1199 2478 1291 2534 coast
1321 2467 1399 2532 ibon
1430 2470 1474 2532 im
1505 2467 1644 2549 limmat,
1676 2465 1850 2532 celebrant
1871 2464 1996 2546 Deum,
2029 2479 2064 2533 et
2085 2479 2183 2535 orant

1199 2576 1262 2640 pro
1284 2554 1469 2620 miserrima
1489 2551 1645 2620 Ecclesia
1663 2555 1697 2619 in
1719 2555 1827 2621 terris.

255 2642 406 2726 Christus
438 2643 490 2708 bic
521 2643 603 2708 dicit
627 2650 770 2726 propter
802 2641 881 2706 boec
914 2661 1015 2726 opero
1046 2643 1154 2727 recipe·
1287 2641 1361 2727 Ego
1395 2662 1469 2706 cum
1504 2661 1615 2706 essem
1645 2641 1678 2705 in
1703 2654 1872 2706 conventu
1892 2637 2115 2720 Ratisbonae,
2147 2655 2182 2710 at

296 2729 439 2799 tantm
459 2741 494 2794 tn
514 2737 651 2795 actaea
671 2729 902 2794 tabernaculo:
1202 2728 1398 2814 Gropperus
1416 2726 1591 2793 habuisset
1611 2725 1748 2815 longam
1771 2729 2116 2796 commemorationem
2132 2749 2182 2801 ,ux

257 2815 346 2902 Erpa
368 2817 453 2881 horto
474 2835 577 2900 opero
597 2823 761 2880 mererium
780 2820 882 2879 ctiam
903 2821 1078 2880 oete-nom
1200 2815 1402 2900 Augustino,
1436 2815 1527 2900 quod
1544 2816 1655 2882 sancti
1679 2824 1834 2882 curarent
1856 2835 1909 2896 ea,
1941 2838 2027 2968 (puae
2046 2828 2124 2884 sunt
2145 2817 2180 2885 iu

1201 2915 1303 2979 terra,
1325 2901 1406 2965 dixi:
1457 2902 1514 2966 uid
1537 2913 1590 2967 est
1610 2922 1696 2987 opus
1718 2899 1776 2967 iila
1797 2913 1866 2968 tam
1887 2924 1948 2987 pro
1963 2905 2018 2969 ixa
2037 2920 2181 2971 comme·

257 2986 384 3052 Contra
416 3007 482 3053 nos
509 2985 687 3063 docemus,
720 2986 809 3070 quod
842 2983 943 3051 homo
973 2986 1152 3071 recipiatur
1201 2987 1406 3054 moratione?
1434 2922 1568 3054 Eutatis
1601 2989 1652 3067 id,
1691 2988 1780 3075 quod
1813 2988 2023 3076 Augustinus
2053 2991 2183 3076 scribit,

191 3085 307 3158 rupter
339 3070 455 3138 Filium
496 3071 576 3152 Dei,
615 3092 682 3137 nou
715 3083 851 3158 propter
884 3083 1000 3138 nostra
1037 3092 1150 3157 opera.
1201 3076 1309 3141 statim
1322 3093 1402 3139 esse
1411 3071 1585 3140 articulum
1603 3075 1702 3141 fidei?
1723 3074 1865 3144 Habetis
1882 3073 2094 3144 manifestum
2112 3089 2182 3146 tex·

168 3097 266 3227 biaut
286 3169 396 3225 textus
418 3159 538 3245 inquit:
573 3156 652 3224 Non
675 3157 904 3246 iustificubimr
924 3161 960 3225 io
980 3167 1152 3244 conspectu
1202 3173 1270 3228 tum
1283 3161 1326 3227 de
1342 3156 1510 3246 colloquio
1526 3158 1620 3228 Eliae
1637 3172 1672 3229 et
1688 3159 1807 3229 Moisis
1825 3185 1901 3230 cum
1911 3161 2055 3232 Christo.
2089 3163 2182 3252 Ergo

170 3254 226 3313 ato
259 3253 359 3312 ornam
390 3247 510 3311 ciceris.
565 3243 767 3330 Respondeo
807 3245 947 3331 primum
979 3247 1052 3312 sine
1083 3244 1152 3313 ulla
1201 3248 1309 3314 sancti
1336 3243 1527 3313 afficiuntur
1549 3269 1631 3315 cura
1652 3269 1785 3329 eorurn,
1817 3269 1903 3337 quae
1925 3250 2007 3315 fiunt
2028 3253 2061 3316 in
2079 3263 2181 3319 terra.

170 3330 372 3418 Sophistica.
419 3330 494 3397 Vita
524 3344 660 3427 aeterna
689 3345 741 3397 est
764 3334 862 3397 etiam
885 3334 1067 3418 praemium
1088 3353 1151 3417 pro
1201 3335 1308 3401 Orant
1325 3356 1386 3420 pro
1408 3330 1563 3400 Ecclesia
1584 3337 1618 3401 iu
1641 3347 1740 3416 terra,
1772 3337 1854 3422 quid
1874 3332 1966 3402 aliud
1986 3348 2129 3424 agerent
2148 3339 2183 3413 iu

168 3415 234 3485 illis
257 3419 428 3504 operibus3
485 3438 657 3504 numquam
680 3430 733 3484 est
753 3416 819 3484 alia
842 3439 982 3498 caussa,
1014 3431 1152 3505 propter
1203 3417 1320 3487 coelo?
1343 3416 1533 3499 Pulchrum,
1555 3422 1677 3501 aiebat,
1699 3421 1845 3490 hocest:
1867 3423 2002 3510 Agebat
2016 3422 2183 3510 mihipra-

136 3577 138 3582 ,
169 3526 268 3594 quam
301 3504 408 3572 datur.
452 3440 583 3571 Heinde
615 3517 752 3570 aeterna
778 3502 996 3571 tabernacula
1027 3504 1151 3591 signifi·
1201 3508 1281 3579 ties,
1320 3507 1408 3603 quod
1442 3507 1694 3575 confirmassem
1728 3505 1818 3576 illius
1851 3511 2057 3577 senteutiam.
2112 3509 2182 3581 sed

170 3604 248 3660 catut
270 3594 465 3658 societatem
487 3593 631 3657 omnium
654 3593 817 3657 bonorum
832 3589 1008 3657 Ecclesiae
1029 3592 1062 3658 iu
1085 3592 1150 3658 hac
1200 3594 1366 3659 iudanon
1388 3594 1556 3680 sequiturz
1575 3594 1667 3682 Erpa
1687 3603 1762 3662 ami
1778 3597 1969 3676 incocoaadi,
1991 3597 2068 3685 quia
2090 3599 2182 3679 ianoe

168 3678 249 3759 vita,
272 3691 305 3743 et
322 3675 504 3764 posthanc
527 3678 640 3744 vitam.
668 3677 744 3744 Dos
764 3676 1147 3768 bidierecbteSolutio.
1201 3680 1289 3746 catio
1319 3693 1367 3745 rst
1395 3678 1463 3747 alia
1496 3702 1563 3747 res.
1607 3682 1769 3748 invocare
1797 3694 1936 3749 sanctos
1958 3697 2013 3748 est
2034 3683 2184 3764 tribuere

258 3764 406 3832 Christus
426 3766 492 3830 aoid
511 3766 582 3832 aaa
603 3785 719 3850 sapen:
740 3763 790 3830 Tu
813 3766 915 3830 (loesi
940 3762 1021 3830 hore
1043 3767 1148 3833 debes
1202 3766 1290 3832 omni
1315 3767 1471 3834 atentiam
1493 3769 1633 3848 mactis,
1654 3780 1689 3834 et
1711 3764 1855 3851 officium
1876 3768 2083 3841 Mediatoris.
2168 3834 2172 3839 .

168 3847 370 3918 benefacere
392 3849 498 3918 Paulo
521 3862 553 3917 et
574 3849 649 3916 aliis
671 3852 830 3916 ministris
849 3787 1040 3917 Ecclesiae:
1068 3864 1148 3919 tunc
1287 3790 1355 3918 bed
1390 3856 1491 3919 redeo
1524 3854 1567 3918 ad
1588 3857 1732 3940 priorem
1754 3856 1981 3925 obiectionem.
2027 3852 2182 3944 Christus)

167 3934 263 4005 Deus
286 3939 343 4004 tibi
367 3939 459 4004 dabit
480 3939 627 4022 praemia
648 3940 681 4002 in
704 3936 770 4003 hac
792 3939 875 4017 vita,
908 3953 940 4003 et
961 3949 1039 4025 post
1060 3939 1148 4005 hane
1201 3950 1253 4004 est
1286 3953 1386 4024 caput
1419 3938 1611 4006 Ecclesiae:
1644 3940 1833 4028 Hecipimur
1865 3940 1965 4029 igitur
1991 3964 2013 4007 a
2033 3940 2182 4023 Diuisio,

168 4023 278 4090 vitam.
322 4030 517 4090 Sanctorum
551 4023 714 4090 beneficia
740 4036 908 4090 merentur
929 4021 1032 4090 multa
1077 4044 1148 4091 rae·
1200 4037 1234 4091 et
1254 4037 1393 4112 propter
1404 4023 1585 4105 Christum,
1608 4040 1726 4112 postea
1743 4028 1884 4113 pertinet
1898 4028 1966 4096 huc
1979 4024 2061 4095 illud
2072 4026 2182 4097 Pauli:

166 4111 242 4177 uria.
297 4108 402 4176 Etiam
435 4112 467 4176 in
503 4109 567 4176 hac
600 4110 668 4176 vita
700 4112 938 4178 benedicuntur
970 4047 1149 4176 iaculbates
1199 4111 1238 4176 la
1259 4112 1391 4179 Christo
1412 4121 1444 4178 et
1461 4122 1601 4198 propter
1623 4112 1788 4180 Uirbium
1815 4121 1890 4180 sunt
1917 4135 2023 4182 orrares
2042 4123 2182 4200 promc-
2229 4166 2231 4170 -

168 4196 334 4282 priorum,
366 4209 503 4283 propter
524 4195 793 4268 beneficentiam,
823 4210 860 4262 ut
880 4196 1016 4262 dicitur:
1048 4197 1149 4277 Date,
1199 4200 1306 4267 simam
1332 4207 1449 4279 rotae,
1482 4213 1517 4265 et
1548 4212 1688 4286 propter
1716 4197 1808 4267 ilium
1840 4199 1963 4268 beneiit
1995 4200 2182 4285 Ecclesiae,

167 4289 200 4347 at
231 4282 365 4349 dabitur
396 4283 496 4350 cobis.
540 4281 635 4350 item:
667 4285 781 4351 Amen.
801 4283 984 4350 dicoaobia:
1016 4290 1048 4351 si
1121 4287 1150 4350 is
1200 4286 1298 4354 etiam
1319 4287 1352 4352 in
1374 4285 1439 4352 hac
1457 4286 1536 4353 vita.
1581 4285 1664 4353 Cum
1687 4287 1787 4374 igitur
1810 4287 1977 4355 obiicitur:

160 4370 296 4436 ‘dederi
329 4381 441 4454 potam
473 4388 578 4451 aptos
612 4372 769 4454 sripidoe.
802 4369 933 4438 babebit
959 4391 1064 4438 merce
1105 4391 1148 4438 aa.

164 4454 215 4520 ite
229 4451 355 4522 Paulus
378 4456 473 4522 dicit:
495 4460 584 4523 aaa
600 4460 658 4524 det
675 4463 923 4527 coarsoiotiooem
938 4456 1149 4542 onesiphoro,
1285 4458 1436 4526 abacos
1462 4460 1563 4528 dicit:
1592 4459 1760 4544 Recipiunt
1781 4479 1840 4525 vos
1862 4457 1895 4525 io
1915 4469 2052 4528 oderam
2073 4461 2176 4533 tuber.

141 4545 241 4626 prtia
273 4563 325 4608 me
345 4544 472 4627 refecit.
522 4542 661 4609 Habetis
695 4541 798 4610 multa
819 4540 972 4630 exernpla
1002 4557 1035 4610 et.
1059 4540 1149 4611 dicta
1327 4547 1460 4612 aomrio:
2159 4590 2162 4595 -

166 4628 382 4735 dulcissima..
395 4629 537 4704 Quando
556 4629 686 4735 iesabel
709 4628 843 4738 volebat
863 4629 1053 4736 interlicere
1071 4652 1147 4716 pro·
1169 4628 1175 4680 ¹
1286 4631 1376 4718 Erpa
1391 4639 1532 4718 propter
1555 4653 1658 4717 opero
1678 4633 1864 4717 recipimur.

164 4713 809 4888 bileibbgblbblwbbbhblnilibblusbrbdlbrs
830 4717 1019 4883 2¹¹2lebe
1034 4729 1147 4869 elicitis
1283 4801 1494 4888 Respondeo.
1528 4802 1591 4869 Est
1613 4805 1853 4892 Synecdochez
1875 4805 1951 4893 quia
1965 4802 2181 4890 comprehen-

164 4885 314 4953 vicrssim
346 4889 494 4956 defendit
526 4884 616 4956 illum
638 4891 747 4975 ipsum
769 4900 802 4954 et
824 4824 918 4954 alios.
964 4886 1148 4955 Eunuchus
1198 4888 1285 4957 ditur
1296 4886 1463 4971 Christus,
1484 4901 1620 4977 propter
1642 4911 1741 4979 quem
1759 4888 2179 4978 principaliteretpra‘muru

164 4975 251 5059 apud
275 4993 313 5039 re
338 4995 390 5040 am
412 4973 593 5043 Zedekiam
620 4988 736 5043 servat
755 4975 963 5047 Hieremiam.
1005 4974 1053 5063 Et
1073 4975 1149 5041 Hie·
1197 4974 1383 5062 recipimur.
1428 4974 1570 5063 Propter
1601 4979 1743 5045 eundem
1768 4980 1867 5046 etiarn
1898 4980 2063 5045 donantur
2090 4977 2180 5061 bona

162 5061 286 5125 reorias
309 4995 390 5127 elicit
409 5064 456 5129 ai:
480 5067 681 5149 oomrtpuum
703 5062 931 5150 Hierosolymo
949 5064 1149 5142 amemus,
1198 5059 1400 5148 corporalia.
1444 5063 1481 5129 Si
1502 5064 1556 5129 vis
1580 5062 1648 5133 tmt
1675 5064 1774 5131 honis
1804 5062 1998 5145 Ecclesiae,
2030 5060 2142 5151 viciae,

71 5167 72 5170 ’
164 5149 614 5217 maismacensis
896 5210 901 5223 ,
942 5218 945 5223 ,
1115 5164 1122 5173 ’
1198 5158 1236 5217 tu
1266 5147 1468 5229 tenebam,
1491 5147 1694 5231 aduae.
1728 5146 1816 5241 Quid
1845 5162 1899 5233 est
1922 5146 2123 5236 laudasis
