4620 5588
45 178 97 216 ·,
138 175 274 272 aen,
397 126 426 139 ”
640 139 647 146 ’
762 117 1532 241 rumunnsoareranxeenrrca.
1820 256 1826 263 ⁸
1989 111 2009 151 ⁵
2099 167 2165 239 tea

148 368 235 435 iacta
253 376 307 433 cst
329 365 485 444 miseriis,
506 375 541 430 et
562 365 670 431 morti.
696 363 782 429 ista
793 364 917 428 misera
938 360 1058 429 mulier
1075 375 1128 428 est
1180 379 1290 445 eaque
1309 356 1443 447 longius
1466 361 1578 439 ducta,
1600 357 1773 425 sciliceta
1798 355 1921 424 ventus
1949 377 2010 424 scu
2036 358 2165 426 sacrifi·

146 454 263 533 vldua,
283 452 386 519 habet
408 448 533 523 illium,
567 464 600 516 et
630 451 760 536 quidem
789 451 934 516 unicum.
979 446 1011 512 ls
1034 451 1129 514 mori·
1183 447 1253 511 ciis.
1298 445 1383 511 Nam
1406 468 1425 511 a
1448 447 1563 532 specie
1585 447 1728 510 eundum
1749 458 1803 511 est
1824 447 1866 511 ad
1890 466 2008 533 genus.
2041 444 2164 508 tantos

146 553 204 608 tur
225 537 440 606 adolescens.
483 537 563 603 lnde
585 548 743 624 quantum
758 533 908 601 dolorem
931 537 1128 621 perceperit,
1182 531 1344 605 labienum
1377 533 1411 599 ltl
1439 547 1503 613 est,
1525 531 1691 599 sactlfieia
1711 530 1886 598 labiorum·
1932 530 2016 598 Vult
2038 532 2164 599 discer-

146 628 260 695 sciunt
281 623 341 706 illi,
362 627 417 713 qui
440 637 518 690 sunt
539 637 705 710 parentes.
752 622 885 688 Caeteri
905 642 972 689 non
988 632 1131 707 possunt
1182 639 1262 685 nere
1283 640 1386 684 veros
1410 619 1520 686 cultus
1542 640 1562 685 a
1585 620 1792 685 ceremoniis.
1834 618 2015 682 Rcddcmas
2042 618 2102 681 tibi
2121 621 2165 680 oi·

148 715 301 801 cogitare
322 713 581 799 magnitudinem
601 707 691 776 illam
715 707 1049 794 culmisciacum
1072 730 1130 795 pa·
1183 704 1266 767 tulos
1287 704 1449 780 labiorum,
1471 708 1504 772 id
1527 718 1591 786 est,
1613 707 1856 791 praestabimus
1885 706 1943 771 tibi
1973 725 2074 772 varos
2097 702 2165 771 cul·

18 831 36 855 ι
147 800 311 878 rentibus,
334 811 471 883 propter
504 795 641 863 liberos.
690 797 784 862 Sicut
816 815 918 881 saepe
953 790 1052 859 doleo
1087 796 1131 859 di·
1181 804 1250 872 tus,
1272 790 1389 874 loyrxph
1412 796 1562 880 λατρείαν,
1590 813 1658 857 non
1680 803 1808 858 tantum
1827 791 2035 858 ceremonias
2057 804 2165 857 exter·

150 906 229 956 cere
262 887 304 950 de
337 887 486 972 storgis,
515 904 600 968 quas
622 882 716 948 Deus
748 883 914 967 impressit
933 882 1045 967 generi
1069 881 1129 947 hu·
1153 899 1159 1012 p
1182 899 1258 957 nas,
1275 880 1337 944 sed
1360 876 1483 945 cultum
1505 900 1632 958 verum,
1654 880 1686 942 in
1701 901 1766 964 qno
1780 875 1871 944 cultu
1889 880 2046 957 cernitur,
2069 874 2166 943 intel·

149 993 281 1039 mano.r
305 971 369 1037 Est
384 983 494 1037 antem
515 970 600 1034 hacc
622 982 726 1035 mater
747 967 869 1056 lugens
891 979 1029 1052 propter
1045 988 1130 1032 mor·
1182 963 1306 1051 ligitur,
1328 975 1361 1029 et
1383 979 1477 1032 recte
1499 969 1673 1032 invocatur
1695 965 1807 1050 Deus,
1833 967 1880 1031 ita
1901 978 1937 1031 ut
1959 977 2166 1053 agnoscatur

148 1070 217 1126 tem
244 1055 324 1136 filit,
356 1069 389 1122 et
422 1077 585 1142 oppressa
616 1058 775 1123 viduitate
808 1057 918 1140 imago
941 1051 1128 1132 Ecclesiae,
1181 1052 1253 1116 eius
1276 1052 1325 1115 ira
1347 1065 1464 1117 contra
1485 1066 1677 1138 peccatum,
1706 1063 1738 1116 et
1769 1065 1906 1118 econtra
1938 1051 2167 1117 misericordia

149 1165 249 1233 quam
271 1142 344 1210 vult
366 1141 462 1208 Deus
484 1145 667 1210 subiectam
689 1162 766 1208 esse
788 1143 822 1207 in
848 1141 915 1206 hac
946 1140 1014 1204 vita
1037 1141 1128 1206 cruci
1182 1150 1216 1203 et
1237 1138 1368 1202 bonitas
1391 1139 1472 1206 Det
1497 1140 1562 1201 Die
1583 1139 1663 1221 ‹an
1682 1138 1819 1221 pedores
1842 1139 1903 1202 alle
1923 1144 1957 1201 in
1979 1136 2166 1221 dicloyenrir

85 1262 92 1271 ⁴
149 1242 184 1297 et
206 1229 458 1296 calamitatibus,
502 1228 653 1297 Caussae
686 1242 720 1295 et
777 1249 878 1293 encra
906 1224 1129 1292 calamitatum
1182 1228 1333 1312 imperor.

146 1313 234 1385 alias
257 1337 361 1400 saepe
383 1329 460 1380 sunt
483 1320 632 1381 recitata.
677 1250 832 1383 Similiter
865 1326 899 1378 et
926 1311 1129 1378 consolatio·
1269 1311 1329 1376 Hic
1350 1331 1452 1376 verus
1475 1308 1585 1378 cultus
1607 1333 1674 1376 non
1696 1324 1809 1396 potest
1825 1314 2000 1399 praestari,
2022 1312 2086 1377 nisi
2098 1310 2166 1379 fide

146 1424 211 1477 nes
233 1399 459 1489 Evangelicae
481 1415 514 1468 et
524 1399 794 1487 Philosophiana,
817 1418 921 1485 saepe
941 1411 1021 1465 sunt
1042 1419 1129 1463 com·
1180 1397 1460 1482 apprehendatur.
1512 1396 1615 1463 Filius
1648 1398 1725 1479 Dei,
1757 1400 1813 1484 qni
1842 1399 2049 1467 resuscitans
2076 1418 2165 1465 mor-

149 1502 363 1558 mertroratae.
408 1489 463 1555 Ad
490 1510 549 1555 eas
582 1487 792 1554 referendum
825 1498 878 1552 est
909 1482 975 1550 hoc
1008 1486 1131 1551 dictum
1181 1494 1276 1564 tuos,
1294 1497 1328 1548 et
1349 1486 1528 1551 restituens
1551 1488 1599 1552 eis
1624 1486 1737 1564 vitam,
1760 1484 1825 1549 hoc
1846 1487 1921 1570 ipso
1941 1505 2043 1569 opere
2065 1496 2165 1550 testa·

146 1574 292 1643 Christi:
314 1574 393 1638 Noli
409 1577 497 1655 llere.
541 1575 594 1640 Ex
622 1572 907 1640 consolationibus
937 1573 1043 1637 oritur
1064 1572 1130 1637 dis·
1182 1582 1246 1650 tur,
1268 1571 1311 1635 de
1333 1572 1484 1638 doctrina
1506 1569 1699 1659 Evangelii,
1735 1593 1821 1658 quae
1853 1569 1997 1638 affirmat
2025 1572 2165 1658 promis·

148 1664 273 1734 odmen
317 1662 494 1749 patientiae
537 1657 813 1747 philosophicae,
846 1671 879 1727 et
912 1655 1133 1725 Christianae.
1153 1659 1158 1724 Ι
1181 1677 1255 1722 sum
1288 1677 1383 1738 esse,
1417 1672 1452 1723 ut
1485 1657 1590 1724 Filius
1623 1660 1816 1725 mitteretur.
1860 1657 1992 1724 Deinde
2023 1669 2165 1725 testatur

150 1749 309 1819 Socrates
332 1750 437 1815 iturus
454 1749 498 1815 ad
510 1744 719 1834 supplicium,
741 1749 880 1834 imperat
898 1743 1130 1818 locomotivae‚
1154 1730 1159 1842 Ι
1182 1744 1291 1822 etiam,
1304 1745 1393 1829 quod
1405 1746 1491 1830 ipse,
1500 1746 1555 1830 qui
1564 1747 1706 1811 restituit
1721 1747 1819 1811 vitam
1835 1747 1989 1825 mortuis,
2003 1746 2046 1810 sit
2057 1745 2166 1810 victor

148 1857 193 1907 aa
215 1834 336 1921 aliquid
359 1833 460 1901 faciat
482 1846 600 1900 eunuc
621 1835 789 1900 decorum.
835 1833 980 1912 Marius,
1003 1851 1077 1897 cum
1100 1834 1131 1898 ei
1182 1830 1298 1894 mortis
1322 1843 1356 1895 et
1377 1829 1530 1895 Diaboli:
1564 1834 1717 1918 denique,
1742 1833 1829 1917 quod
1854 1828 1935 1899 velit
1962 1833 2061 1899 etiarn
2080 1850 2164 1898 con·

34 1988 39 1994 ,
150 1935 286 1995 secatur
306 1922 415 2001 varia,
431 1919 496 1985 ltelt
517 1942 551 1983 er
568 1923 642 2004 frey
663 1921 726 1994 Irin,
744 1921 812 1982 will
829 1919 899 1983 rich
919 1917 1007 1980 maht
1026 1918 1131 1980 torrere
1181 1914 1285 1981 solari
1308 1929 1340 1982 et
1363 1914 1516 2003 opitulari
1538 1919 1571 1982 in
1594 1917 1658 1983 hac
1678 1919 1756 1997 vita,
1777 1918 1843 1981 aad
1864 1919 1925 1981 dar
1945 1921 1989 1981 iet
2010 1916 2090 1980 auch
2111 1915 2167 1980 hie

146 2009 276 2088 diaden,
298 2011 439 2094 imperat
458 2004 703 2088 locomotivae,
735 2019 770 2074 ut
803 2019 922 2096 gestus
944 2001 998 2071 vel
1020 2015 1130 2070 motas
1181 2002 1358 2064 eoaderltclr
1379 2004 1446 2065 tmd
1470 2003 1554 2066 wohl
1571 2003 1782 2078 w'mercltma
1815 2005 1906 2092 quod
1927 2007 1960 2070 ln
1987 2005 2166 2071 resuscita·

150 2116 217 2163 non
236 2096 303 2162 siut
324 2096 456 2174 turbidi,
478 2097 540 2161 sed
558 2095 730 2166 moderati.
774 2090 894 2161 Dolori
921 2111 989 2156 non
1018 2102 1131 2177 potest
1180 2089 1272 2154 tione
1290 2102 1494 2156 mortuorum
1516 2088 1671 2157 Christus
1698 2093 1859 2171 ostendit,
1889 2092 1980 2188 quod
2013 2087 2094 2157 velit
2123 2111 2166 2157 ac
2234 2107 2244 2119 ·

149 2184 336 2267 imperare,
369 2201 478 2267 neque
510 2179 612 2246 babet
643 2183 675 2244 in
709 2181 814 2246 corde
848 2173 1130 2257 ConsohtioM,
1181 2178 1289 2260 possit
1311 2174 1476 2261 opitulari,
1506 2189 1539 2242 et
1571 2177 1699 2260 iuvare,
1727 2178 1825 2243 etiam
1853 2179 1927 2247 sine
1956 2180 2087 2263 caussis
2109 2197 2163 2245 se·

174 2290 249 2336 nam
272 2269 417 2334 sentiunt
428 2267 604 2354 Martyres.
649 2267 717 2332 Sed
740 2268 795 2353 qui
816 2265 917 2332 habet
938 2267 1131 2351 patientiam
1181 2263 1309 2329 cundis.

147 2290 395 2435 Christianam,
427 2364 579 2438 praestat
611 2354 835 2420 obedientiam
857 2352 952 2435 Doo;
986 2351 1064 2438 quia
1095 2353 1130 2416 in
1268 2348 1303 2413 ln
1327 2352 1429 2416 rebus
1452 2351 1604 2416 adversis
1627 2351 1711 2417 ratio
1734 2353 1879 2418 intuetur
1891 2372 2034 2419 caussas
2045 2372 2168 2419 sacun-

150 2444 255 2510 corde
277 2453 329 2506 est
352 2437 552 2520 consolatio,
574 2459 660 2526 quae
679 2441 756 2505 inde
774 2440 924 2519 exsistit,
958 2438 1049 2525 qnod
1072 2458 1132 2505 cor
1182 2436 1264 2513 das;
1287 2446 1320 2500 et
1342 2457 1416 2502 cum
1438 2439 1472 2501 in
1494 2435 1546 2502 his
1570 2459 1636 2504 non
1657 2440 1782 2505 invenit
1803 2436 1972 2520 auxilium,
1997 2440 2167 2524 desperat.

148 2528 294 2594 intuetur
315 2526 442 2604 Deum;
465 2528 528 2592 scit
550 2528 623 2593 eius
644 2524 862 2604 voluntatem,
883 2526 1026 2593 immittit
1043 2521 1132 2591 cala·
1181 2521 1295 2590 ludaei
1316 2525 1445 2609 egressi
1468 2544 1510 2588 ex
1521 2525 1689 2611 Aegypto,
1711 2528 1871 2612 putabant
1893 2547 1932 2592 se
1954 2523 2168 2612 profecturos

147 2615 297 2695 unitates,
319 2616 435 2680 statuit
457 2613 563 2680 Deum
585 2615 649 2680 sibi
663 2614 841 2700 propitium
863 2632 961 2691 esse,
988 2613 1071 2697 petit
1098 2622 1133 2676 et
1182 2621 1275 2675 recta
1296 2611 1351 2676 via
1372 2611 1405 2674 in
1429 2621 1553 2677 terram
1574 2613 1789 2698 promissam:
1812 2614 2169 2699 posteacurnveniunt

148 2712 305 2788 expectat
324 2697 566 2779 liberationem,
588 2713 621 2766 et
642 2700 737 2766 Deus
759 2711 926 2766 sustentat
947 2700 1036 2764 intus
1060 2717 1132 2777 cor,
1182 2695 1226 2760 ad
1247 2716 1339 2761 mare
1363 2699 1512 2777 rubrum,
1546 2710 1581 2764 et
1612 2699 1780 2766 habenta
1802 2712 1898 2788 tergo
1921 2699 2067 2780 hostes,
2098 2720 2169 2767 non

149 2799 185 2857 et
207 2786 364 2854 vivificat.
408 2786 502 2853 Haec
533 2808 601 2851 non
635 2799 714 2853 sunt
745 2787 779 2853 in
806 2782 1133 2872 patientia‘pbiloso·
1183 2783 1298 2849 vident
1326 2803 1468 2849 caussas
1501 2786 1686 2866 secundas,
1716 2789 1837 2874 quibus
1866 2789 1997 2873 possint
2024 2786 2167 2867 servari,

58 2878 78 2920 Ὗ
149 2872 259 2960 pbiea.
1184 2870 1366 2954 trepidant,
1399 2881 1431 2936 et
1465 2884 1614 2950 metuunt
1645 2874 1829 2941 interitum:
1865 2875 1926 2940 sed
1957 2885 2073 2942 servat
2105 2893 2168 2938 eos

237 2959 368 3025 'l'ertius
390 2955 499 3038 locus,
512 2960 686 3044 etquidem
709 2958 901 3043 principalis
925 2971 957 3024 et
978 2959 1134 3044 proprius
1184 2954 1292 3036 Deus,
1310 2968 1343 3021 et
1365 2954 1543 3044 opitulatur
1566 2961 1639 3026 sine
1662 2963 1794 3026 caussis
1816 2961 1987 3035 secundis,
2009 2964 2168 3028 imocon·

151 3046 231 3114 huic
252 3042 416 3112 miraculo
436 3047 628 3112 resuscitati
650 3043 707 3111 lilii
736 3047 874 3126 viduae,
908 3046 1014 3133 pingit
1045 3047 1133 3130 prin·
1183 3053 1237 3108 tra
1258 3064 1392 3109 cursum
1414 3055 1563 3112 naturae.
1585 3045 1634 3112 lta
1655 3068 1720 3112 nos
1742 3061 1873 3132 oportet
1883 3060 2044 3130 statuere,
2056 3047 2169 3115 Deum

152 3130 261 3219 cipale
284 3130 479 3200 beneficium
493 3129 967 3218 Christi3videlicetqnodsit
988 3129 1134 3197 officium
1184 3148 1251 3195 uon
1279 3149 1358 3196 esse
1386 3129 1559 3218 alligatum
1593 3135 1724 3199 caussis
1757 3135 1929 3215 secundis,
1965 3147 1998 3200 et
2026 3136 2168 3201 sinaiis

150 3217 289 3298 Christi,
311 3230 344 3284 et
366 3239 426 3284 cnr
438 3221 565 3284 venerit
585 3219 619 3283 in
641 3220 797 3285 mundum
810 3218 976 3299 Christus,
994 3230 1027 3283 et
1043 3218 1134 3304 quod
1183 3235 1280 3300 opem
1314 3215 1403 3298 ferre
1436 3241 1550 3304 posse.
1606 3220 1748 3306 Oportet
1782 3243 1920 3308 sperare
1953 3236 1987 3288 ct
2027 3222 2168 3290 credere

151 3304 315 3383 beneficia
337 3306 409 3372 eius
432 3306 498 3370 sint
514 3301 1133 3385 aeterna:scilicetliberatioamorte,
1185 3314 1301 3369 eonua
1322 3325 1416 3390 spem
1438 3307 1471 3370 in
1504 3327 1614 3392 spem:
1644 3309 1723 3394 quia
1754 3307 1858 3392 Deus,
1884 3309 1956 3375 'etsi
1987 3307 2167 3399 aliquando

40 3446 45 3453 .
151 3403 187 3458 et
208 3393 371 3457 restitutio
395 3391 485 3457 vitae
508 3404 675 3458 aeternae.
719 3391 832 3458 ludaei
855 3392 967 3458 adhuc
992 3393 1134 3457 retinent
1183 3410 1246 3455 nos
1270 3404 1420 3470 exercet,
1444 3396 1597 3481 castigat,
1620 3397 1725 3480 punit,
1752 3407 1860 3461 tamen
1883 3416 1950 3464 non
1972 3397 2097 3464 deserit
2118 3397 2168 3461 in·

150 3476 240 3544 banc
262 3478 542 3566 imaginationem,
563 3479 652 3564 quod
676 3480 821 3544 Messias
844 3480 888 3543 sit
909 3476 1040 3544 futurus
1060 3478 1134 3543 Rex
1184 3490 1361 3543 vocantes:
1385 3491 1418 3543 et
1441 3482 1594 3546 omnibus
1616 3481 1883 3568 conlugientibus
1913 3483 1958 3548 ad
1985 3503 2080 3557 sese,
2110 3485 2168 3549 dat

150 3567 350 3642 mundanus,
373 3565 415 3629 sit
438 3562 611 3630 habiturus
638 3567 808 3651 imperium
835 3566 1059 3644 mundanum,
1090 3566 1135 3630 sit
1184 3564 1415 3631 universaliter
1436 3581 1573 3633 aeterna
1596 3570 1694 3633 bona.
1729 3568 1876 3634 Peccant
1898 3591 1980 3655 ergo
2002 3570 2167 3649 homines,
2260 3624 2273 3649 ,

151 3653 379 3718 dominaturus
401 3651 577 3736 praesidiis
599 3663 633 3717 et
650 3653 751 3717 armis
779 3654 813 3717 in
840 3653 977 3717 mundo:
1006 3651 1134 3739 tingunt
1184 3651 1239 3736 qui
1261 3651 1489 3719 deficientibus
1512 3656 1644 3718 caussis
1673 3656 1844 3734 secundis,
1867 3653 1991 3720 nullam
2019 3654 2165 3740 amplius

151 3756 191 3802 se
208 3736 283 3802 fore
305 3738 470 3817 dominos,
493 3750 525 3802 ct
548 3739 715 3823 principes
738 3740 829 3811 orbis
852 3750 1013 3803 terraram
1035 3739 1134 3804 adve-
1183 3737 1345 3804 hahents
1370 3760 1433 3818 em,
1456 3752 1513 3806 aut
1534 3743 1797 3826 expectationem
1820 3741 1943 3808 auxilii.
1977 3742 2182 3809 lobcontra-

143 3823 420 3891 montepesato.
465 3823 532 3889 Sed
563 3821 714 3910 exeurpla
746 3826 1011 3891 resuscitationis
1045 3846 1133 3890 mor·
1182 3827 1302 3910 inquit:
1356 3829 1460 3887 tiamsi
1481 3827 1610 3889 occidat
1630 3848 1677 3889 me
1698 3827 1868 3901 Dominus,
1903 3836 2004 3891 tumen
2032 3829 2165 3911 sperabo

150 3919 282 3980 norum
315 3931 376 3996 per
398 3908 567 3977 Christum
601 3909 712 3990 lacta,
746 3913 913 3978 dehebant
945 3932 1009 3977 nos
1043 3932 1132 3978 com·
1182 3915 1216 3973 in
1234 3933 1311 3990 cum,
1329 3919 1360 3974 et
1381 3915 1449 3994 ipse
1469 3916 1530 3975 erit
1551 3913 1693 3976 sulcator
1713 3935 1807 3980 matta.

151 3995 377 4076 monefaccre,
398 3999 534 4063 venisse
557 3998 724 4064 dominum
755 3999 799 4063 ad
831 3995 1012 4064 tollendam
1045 4019 1132 4063 mor·
1270 3997 1363 4063 llaec
1380 4002 1412 4064 in
1435 4001 1626 4084 quotidiana
1647 4000 1859 4068 invocatione
1881 4013 1958 4068 sunt
1974 4002 2167 4088 cogitanda,

150 4093 227 4149 tun.
272 4083 382 4146 Dabar
402 4083 538 4166 patarea
554 4084 608 4145 dic
630 4086 734 4152 dicta:
756 4085 865 4146 Samen
875 4085 1031 4147 mlieris:
1066 4085 1133 4149 uod
1183 4085 1239 4150 u'ui
1261 4098 1437 4171 utrumqne
1466 4084 1655 4151 faciendum
1683 4101 1750 4155 est:
1780 4099 1814 4152 et
1842 4092 2059 4174 agnoscenda
2088 4099 2167 4153 sunt

150 4166 339 4253 Apostolus
361 4170 427 4237 boc
448 4173 547 4237 modo
570 4174 822 4257 interpretatur:
846 4173 1005 4254 apponat
1058 4171 1132 4234 ilius
1185 4169 1344 4238 beneficia
1367 4172 1439 4238 lilii
1461 4171 1543 4253 Dei,
1572 4187 1605 4238 et
1635 4176 1779 4259 petenda
1806 4175 1905 4241 etiam
1934 4172 2166 4241 deficientibus

150 4254 271 4337 Daiei
294 4257 440 4319 destruct
461 4278 559 4340 opera
569 4257 714 4339 Diaboli,
736 4260 770 4325 id
793 4271 857 4338 est,
879 4274 914 4324 ut
937 4256 1034 4324 tollat
1056 4280 1133 4344 pec·
1184 4259 1314 4325 caussis
1338 4259 1512 4338 secundis,
1547 4271 1580 4323 ot
1608 4282 1683 4325 eum
1708 4260 1774 4327 fide
1794 4259 1851 4328 illa
1873 4260 2166 4348 apprehendimus,

151 4355 273 4423 catum,
295 4355 328 4409 et
350 4365 492 4430 menam
522 4347 678 4429 peccati,
711 4357 873 4425 mortem,
914 4358 948 4411 et
979 4347 1135 4412 restituat
1183 4346 1342 4411 reddendi
1364 4357 1442 4411 sunt
1464 4342 1557 4411 vituli
1579 4343 1754 4427 labiorum,
1775 4348 1809 4413 ld
1831 4360 1896 4428 est,
1919 4345 2168 4414 celebrandaet

150 4428 308 4501 iustitiam
332 4441 364 4496 et
385 4432 487 4496 vitam
508 4442 687 4499 aeternam.
732 4432 829 4497 ltem:
861 4431 930 4494 Ero
958 4453 1041 4495 more
1067 4440 1134 4512 toa,
1182 4433 1407 4518 praedicanda
1429 4442 1481 4496 est
1502 4433 1655 4498 doctrina
1675 4431 1869 4518 Evangelii3
1891 4436 2043 4522 agendae
2065 4433 2166 4499 etiarn

151 4538 284 4581 oraora.
330 4516 426 4583 item:
449 4516 575 4603 Carnem
593 4520 683 4598 miser
703 4520 914 4603 iniquitatem,
945 4527 979 4582 et
1003 4522 1132 4584 restitue
1183 4529 1262 4584 sunt
1282 4521 1313 4585 ei
1335 4521 1481 4606 gratiae:
1515 4521 1593 4585 item
1621 4522 1808 4586 testimonia
1837 4522 1969 4586 veritati
1992 4521 2167 4586 doctrinae
2230 4550 2240 4566 ·

43 4667 47 4680 ,
84 4612 87 4616 ’
149 4603 270 4677 honuni,
294 4612 326 4667 ct
346 4604 511 4667 reddamus
533 4605 591 4667 tibi
611 4607 726 4669 vitulos
748 4607 909 4671 labiorum.
1183 4605 1389 4689 perhibenda
1409 4617 1502 4671 sunt:
1536 4607 1678 4692 denique
1711 4617 1781 4671 tota
1813 4608 1882 4673 vita
1914 4619 2033 4672 nostra
2065 4606 2166 4672 debet

1183 4711 1262 4758 esse
1284 4689 1454 4758 confessio
1476 4713 1529 4776 per
1560 4707 1652 4760 etna:
1682 4695 1760 4778 quia
1786 4695 1820 4757 in
1848 4695 2003 4760 omnihus
2030 4693 2167 4759 actioni·

222 4837 230 4853 ,
314 4836 323 4854 ,
385 4837 393 4855 ,
735 4834 773 4866 .‚
1185 4779 1246 4845 bus
1269 4782 1394 4844 nostris
1416 4780 1515 4856 dehet
1529 4714 1651 4845 lhcere
1673 4775 1854 4845 confessio.
2195 4777 2197 4781 ’

151 4834 263 4944 Quid
293 4836 510 4950 Significat:
540 4846 719 4909 &aanor
734 4847 940 4928 ,ilbi-vilda
960 4847 1134 4915 labiim?
1270 4864 1416 4940 Quartus
1438 4861 1535 4931 locus
1553 4877 1618 4945 est,
1641 4867 1731 4952 quod
1754 4863 1909 4932 Christus
1919 4863 2169 4947 huneresusciq

1184 4956 1454 5019 tatumrestituit
1476 4954 1584 5032 matri,
1606 4973 1695 5036 quac
1715 4953 1782 5017 iam
1802 4974 1864 5037 per
1885 4964 2024 5020 mortem
2045 4954 2165 5020 amisa·

407 5110 412 5118 ¹
1184 5052 1237 5105 rat
1258 5059 1353 5105 suum
1376 5041 1428 5106 ins
1450 5042 1484 5104 in
1506 5036 1626 5114 iilium3
1649 5050 1681 5104 ct
1703 5038 1780 5126 quia
1803 5040 1957 5106 brunus
1978 5041 2166 5108 ‘cumresti

156 5178 165 5187 .
238 5123 455 5210 Respondeat
496 5123 561 5210 Est
590 5123 799 5212 hictaphora,
831 5145 893 5192 scu
926 5121 1135 5211 uenlepsa,
1183 5135 1295 5195 tanat
1313 5127 1347 5192 in
1368 5128 1483 5205 ritant,
1508 5126 1674 5191 verelam
1696 5125 1825 5215 ipsein
1848 5145 1922 5193 eum
1944 5125 2165 5201 babebatius

434 4984 481 5051 Es
502 4983 570 5048 lact
591 4986 691 5048 aurnul
709 4985 842 5053 solitam.
