<?xml version="1.0" encoding="UTF-8"?>
<!DOCTYPE html PUBLIC "-//W3C//DTD XHTML 1.0 Transitional//EN"
    "http://www.w3.org/TR/xhtml1/DTD/xhtml1-transitional.dtd">
<html xmlns="http://www.w3.org/1999/xhtml" xml:lang="en" lang="en">
 <head>
  <title>
</title>
<meta http-equiv="Content-Type" content="text/html;charset=utf-8" />
  <meta name='ocr-system' content='tesseract 3.04.00' />
  <meta name='ocr-capabilities' content='ocr_page ocr_carea ocr_par ocr_line ocrx_word'/>
</head>
<body>
  <div class='ocr_page' id='page_1' title='image "./corpusreformato15melagoog/corpusreformato15melagoog_0470.png"; bbox 0 0 4620 5588; ppageno 0'>
   <div class='ocr_carea' id='block_1_1' title="bbox 39 156 2181 283">
    <p class='ocr_par' dir='ltr' id='par_1_1' title="bbox 39 156 2181 283">
     <span class='ocr_line' id='line_1_1' title="bbox 39 156 2181 283; baseline 0 0"><span class='ocrx_word' id='word_1_1' title='bbox 39 279 42 283; x_wconf 79' lang='grc'><strong><em>,</em></strong></span> <span class='ocrx_word' id='word_1_2' title='bbox 161 212 229 281; x_wconf 83' lang='grc'><strong>889</strong></span> <span class='ocrx_word' id='word_1_3' title='bbox 740 156 745 163; x_wconf 30' lang='grc' dir='ltr'>Ι</span> <span class='ocrx_word' id='word_1_4' title='bbox 849 210 1067 280; x_wconf 82' lang='lat' dir='ltr'><strong>POS&#39;l&#39;lLLA</strong></span> <span class='ocrx_word' id='word_1_5' title='bbox 1088 210 1495 281; x_wconf 68' lang='lat' dir='ltr'><strong>uuunsruoutnun.</strong></span> <span class='ocrx_word' id='word_1_6' title='bbox 2114 212 2181 283; x_wconf 69' lang='lat' dir='ltr'><strong>m</strong></span> 
     </span>
    </p>
   </div>
   <div class='ocr_carea' id='block_1_2' title="bbox 58 400 2307 3169">
    <p class='ocr_par' dir='ltr' id='par_1_2' title="bbox 58 400 2307 3169">
     <span class='ocr_line' id='line_1_2' title="bbox 164 400 2180 491; baseline 0.002 -26"><span class='ocrx_word' id='word_1_7' title='bbox 164 401 324 474; x_wconf 72' lang='lat' dir='ltr'><strong>eoscum,</strong></span> <span class='ocrx_word' id='word_1_8' title='bbox 346 402 400 465; x_wconf 84' lang='lat' dir='ltr'><strong>die</strong></span> <span class='ocrx_word' id='word_1_9' title='bbox 421 402 600 491; x_wconf 80' lang='lat' dir='ltr'><strong>pontifices</strong></span> <span class='ocrx_word' id='word_1_10' title='bbox 622 412 830 468; x_wconf 77' lang='lat' dir='ltr'><strong>attraxerunt</strong></span> <span class='ocrx_word' id='word_1_11' title='bbox 844 400 1145 487; x_wconf 85' lang='lat' dir='ltr'><strong>illaspoenassuis</strong></span> <span class='ocrx_word' id='word_1_12' title='bbox 1168 407 1174 461; x_wconf 84' lang='grc' dir='ltr'>Ι</span> <span class='ocrx_word' id='word_1_13' title='bbox 1198 401 1405 481; x_wconf 73' lang='lat' dir='ltr'><strong>interfectae,</strong></span> <span class='ocrx_word' id='word_1_14' title='bbox 1430 403 1585 485; x_wconf 79' lang='lat' dir='ltr'>suspensi</span> <span class='ocrx_word' id='word_1_15' title='bbox 1608 403 1713 487; x_wconf 91' lang='lat' dir='ltr'><strong>pueri,</strong></span> <span class='ocrx_word' id='word_1_16' title='bbox 1736 403 1889 468; x_wconf 89' lang='lat' dir='ltr'><strong>trucidati</strong></span> <span class='ocrx_word' id='word_1_17' title='bbox 1917 422 2017 470; x_wconf 85' lang='lat' dir='ltr'><strong>senes</strong></span> <span class='ocrx_word' id='word_1_18' title='bbox 2047 417 2078 470; x_wconf 89' lang='lat' dir='ltr'><strong>ct</strong></span> <span class='ocrx_word' id='word_1_19' title='bbox 2111 426 2180 470; x_wconf 86' lang='lat' dir='ltr'><strong>ma·</strong></span> 
     </span>
     <span class='ocr_line' id='line_1_3' title="bbox 163 476 2261 574; baseline 0.001 -21"><span class='ocrx_word' id='word_1_20' title='bbox 163 490 396 569; x_wconf 64' lang='lat' dir='ltr'><strong>seditionibus</strong></span> <span class='ocrx_word' id='word_1_21' title='bbox 429 502 465 556; x_wconf 89' lang='lat' dir='ltr'><strong>ut</strong></span> <span class='ocrx_word' id='word_1_22' title='bbox 488 489 658 574; x_wconf 80' lang='lat' dir='ltr'>Propheta</span> <span class='ocrx_word' id='word_1_23' title='bbox 693 491 786 555; x_wconf 87' lang='lat' dir='ltr'><strong>dicit:</strong></span> <span class='ocrx_word' id='word_1_24' title='bbox 820 489 960 570; x_wconf 80' lang='lat' dir='ltr'><em>Propter</em></span> <span class='ocrx_word' id='word_1_25' title='bbox 987 514 1043 553; x_wconf 83' lang='lat' dir='ltr'><strong>cos</strong></span> <span class='ocrx_word' id='word_1_26' title='bbox 1064 492 1146 551; x_wconf 79' lang='lat' dir='ltr'><strong>Zion</strong></span> <span class='ocrx_word' id='word_1_27' title='bbox 1169 476 1173 549; x_wconf 88' lang='grc' dir='ltr'>Ι</span> <span class='ocrx_word' id='word_1_28' title='bbox 1199 491 1299 567; x_wconf 89' lang='lat' dir='ltr'><strong>etati,</strong></span> <span class='ocrx_word' id='word_1_29' title='bbox 1333 488 1422 553; x_wconf 84' lang='lat' dir='ltr'><strong>ruod</strong></span> <span class='ocrx_word' id='word_1_30' title='bbox 1455 508 1521 552; x_wconf 92' lang='lat' dir='ltr'><strong>non</strong></span> <span class='ocrx_word' id='word_1_31' title='bbox 1556 485 1731 554; x_wconf 81' lang='lat' dir='ltr'><strong>voluerunt</strong></span> <span class='ocrx_word' id='word_1_32' title='bbox 1762 490 1904 555; x_wconf 88' lang='lat' dir='ltr'><strong>delicere</strong></span> <span class='ocrx_word' id='word_1_33' title='bbox 1938 513 1957 554; x_wconf 86' lang='lat' dir='ltr'><strong>u</strong></span> <span class='ocrx_word' id='word_1_34' title='bbox 1977 493 2081 556; x_wconf 81' lang='lat' dir='ltr'><strong>vcrlro</strong></span> <span class='ocrx_word' id='word_1_35' title='bbox 2103 491 2178 556; x_wconf 90' lang='lat' dir='ltr'><strong>Dei.</strong></span> <span class='ocrx_word' id='word_1_36' title='bbox 2251 544 2261 555; x_wconf 90' lang='lat'>.</span> 
     </span>
     <span class='ocr_line' id='line_1_4' title="bbox 162 536 2179 663; baseline 0.001 -26"><span class='ocrx_word' id='word_1_37' title='bbox 162 580 256 659; x_wconf 75' lang='lat' dir='ltr'><strong>pransi</strong></span> <span class='ocrx_word' id='word_1_38' title='bbox 277 597 354 657; x_wconf 80' lang='lat' dir='ltr'><strong>oper</strong></span> <span class='ocrx_word' id='word_1_39' title='bbox 376 577 526 638; x_wconf 82' lang='lat' dir='ltr'><strong>cruditur.</strong></span> <span class='ocrx_word' id='word_1_40' title='bbox 571 575 712 656; x_wconf 81' lang='lat' dir='ltr'><strong>Propter</strong></span> <span class='ocrx_word' id='word_1_41' title='bbox 734 598 797 644; x_wconf 84' lang='lat' dir='ltr'><strong>coc,</strong></span> <span class='ocrx_word' id='word_1_42' title='bbox 824 574 956 642; x_wconf 83' lang='lat' dir='ltr'><strong>scilicet</strong></span> <span class='ocrx_word' id='word_1_43' title='bbox 977 576 1090 663; x_wconf 82' lang='lat' dir='ltr'>Reges</span> <span class='ocrx_word' id='word_1_44' title='bbox 1113 590 1146 643; x_wconf 88' lang='lat' dir='ltr'><strong>ct</strong></span> <span class='ocrx_word' id='word_1_45' title='bbox 1196 576 1240 640; x_wconf 80' lang='lat' dir='ltr'><strong>Et</strong></span> <span class='ocrx_word' id='word_1_46' title='bbox 1261 573 1321 640; x_wconf 82' lang='lat' dir='ltr'><strong>l&#39;uit</strong></span> <span class='ocrx_word' id='word_1_47' title='bbox 1341 536 1481 661; x_wconf 81' lang='lat' dir='ltr'><strong>longum</strong></span> <span class='ocrx_word' id='word_1_48' title='bbox 1500 573 1639 652; x_wconf 76' lang='lat' dir='ltr'><strong>bellum,</strong></span> <span class='ocrx_word' id='word_1_49' title='bbox 1661 573 1717 637; x_wconf 72' lang='lat' dir='ltr'><strong>drot</strong></span> <span class='ocrx_word' id='word_1_50' title='bbox 1735 577 1803 653; x_wconf 77' lang='lat' dir='ltr'><strong>sort</strong></span> <span class='ocrx_word' id='word_1_51' title='bbox 1832 575 1921 640; x_wconf 71' lang='lat' dir='ltr'><strong>sciren</strong></span> <span class='ocrx_word' id='word_1_52' title='bbox 1944 576 2016 638; x_wconf 81' lang='lat' dir='ltr'><strong>irin</strong></span> <span class='ocrx_word' id='word_1_53' title='bbox 2043 577 2179 658; x_wconf 79' lang='lat' dir='ltr'><strong>percedrt</strong></span> 
     </span>
     <span class='ocr_line' id='line_1_5' title="bbox 164 659 2179 749; baseline 0 -22"><span class='ocrx_word' id='word_1_54' title='bbox 164 661 358 729; x_wconf 77' lang='lat' dir='ltr'><strong>Pontifices.</strong></span> <span class='ocrx_word' id='word_1_55' title='bbox 409 662 622 728; x_wconf 78' lang='lat' dir='ltr'>Concurrunt</span> <span class='ocrx_word' id='word_1_56' title='bbox 648 659 843 749; x_wconf 86' lang='lat' dir='ltr'><strong>plerumque</strong></span> <span class='ocrx_word' id='word_1_57' title='bbox 873 664 973 727; x_wconf 87' lang='lat' dir='ltr'><strong>ctiam</strong></span> <span class='ocrx_word' id='word_1_58' title='bbox 1005 676 1146 747; x_wconf 88' lang='lat' dir='ltr'><strong>peccata</strong></span> <span class='ocrx_word' id='word_1_59' title='bbox 1198 662 1284 723; x_wconf 80' lang='lat' dir='ltr'><strong>dicre</strong></span> <span class='ocrx_word' id='word_1_60' title='bbox 1306 662 1505 746; x_wconf 83' lang='lat' dir='ltr'><strong>persecutio.</strong></span> <span class='ocrx_word' id='word_1_61' title='bbox 1550 660 1663 727; x_wconf 78' lang='lat' dir='ltr'><strong>Tertio</strong></span> <span class='ocrx_word' id='word_1_62' title='bbox 1686 674 1796 726; x_wconf 85' lang='lat' dir='ltr'><strong>autem</strong></span> <span class='ocrx_word' id='word_1_63' title='bbox 1825 683 1913 727; x_wconf 86' lang='lat' dir='ltr'><strong>unrm</strong></span> <span class='ocrx_word' id='word_1_64' title='bbox 1936 674 2014 747; x_wconf 91' lang='lat' dir='ltr'><strong>post</strong></span> <span class='ocrx_word' id='word_1_65' title='bbox 2035 663 2179 749; x_wconf 76' lang='lat' dir='ltr'><strong>protha-</strong></span> 
     </span>
     <span class='ocr_line' id='line_1_6' title="bbox 162 744 2179 834; baseline 0.002 -22"><span class='ocrx_word' id='word_1_66' title='bbox 162 747 286 834; x_wconf 89' lang='lat' dir='ltr'><strong>populi.</strong></span> <span class='ocrx_word' id='word_1_67' title='bbox 331 749 400 810; x_wconf 86' lang='lat' dir='ltr'><strong>Der</strong></span> <span class='ocrx_word' id='word_1_68' title='bbox 413 748 498 810; x_wconf 73' lang='lat' dir='ltr'><strong>Poc&#39;t</strong></span> <span class='ocrx_word' id='word_1_69' title='bbox 518 756 608 828; x_wconf 78' lang='lat' dir='ltr'><strong>sapt:</strong></span> <span class='ocrx_word' id='word_1_70' title='bbox 1198 748 1364 813; x_wconf 87' lang='lat' dir='ltr'><strong>nationem</strong></span> <span class='ocrx_word' id='word_1_71' title='bbox 1387 744 1517 831; x_wconf 90' lang='lat' dir='ltr'><strong>templi,</strong></span> <span class='ocrx_word' id='word_1_72' title='bbox 1541 761 1770 832; x_wconf 81' lang='lat' dir='ltr'><strong>recuperatum</strong></span> <span class='ocrx_word' id='word_1_73' title='bbox 1800 762 1851 812; x_wconf 90' lang='lat' dir='ltr'><strong>cst</strong></span> <span class='ocrx_word' id='word_1_74' title='bbox 1874 747 2076 832; x_wconf 86' lang='lat' dir='ltr'><strong>templumn</strong></span> <span class='ocrx_word' id='word_1_75' title='bbox 2115 750 2179 816; x_wconf 87' lang='lat' dir='ltr'><strong>uda</strong></span> 
     </span>
     <span class='ocr_line' id='line_1_7' title="bbox 1197 831 2179 914; baseline 0.002 -15"><span class='ocrx_word' id='word_1_76' title='bbox 1197 835 1415 911; x_wconf 84' lang='lat' dir='ltr'><strong>ltlaccubaeo,</strong></span> <span class='ocrx_word' id='word_1_77' title='bbox 1440 850 1473 897; x_wconf 82' lang='lat' dir='ltr'><strong>et</strong></span> <span class='ocrx_word' id='word_1_78' title='bbox 1495 847 1574 897; x_wconf 91' lang='lat' dir='ltr'><strong>tune</strong></span> <span class='ocrx_word' id='word_1_79' title='bbox 1597 845 1649 898; x_wconf 87' lang='lat' dir='ltr'><strong>est</strong></span> <span class='ocrx_word' id='word_1_80' title='bbox 1670 831 1793 899; x_wconf 90' lang='lat' dir='ltr'><strong>idolum</strong></span> <span class='ocrx_word' id='word_1_81' title='bbox 1817 836 1955 901; x_wconf 90' lang='lat' dir='ltr'><strong>eiectum</strong></span> <span class='ocrx_word' id='word_1_82' title='bbox 1968 881 1978 914; x_wconf 91' lang='lat'><strong>,</strong></span> <span class='ocrx_word' id='word_1_83' title='bbox 2012 850 2046 902; x_wconf 89' lang='lat' dir='ltr'><strong>et</strong></span> <span class='ocrx_word' id='word_1_84' title='bbox 2067 836 2179 902; x_wconf 88' lang='lat' dir='ltr'><strong>iactae</strong></span> 
     </span>
     <span class='ocr_line' id='line_1_8' title="bbox 1198 921 2179 1008; baseline 0.003 -24"><span class='ocrx_word' id='word_1_85' title='bbox 1198 931 1275 985; x_wconf 82' lang='lat' dir='ltr'><strong>sum</strong></span> <span class='ocrx_word' id='word_1_86' title='bbox 1297 921 1341 984; x_wconf 82' lang='lat' dir='ltr'><strong>ini</strong></span> <span class='ocrx_word' id='word_1_87' title='bbox 1363 922 1574 1004; x_wconf 81' lang='lat' dir='ltr'><strong>precationes</strong></span> <span class='ocrx_word' id='word_1_88' title='bbox 1602 932 1635 985; x_wconf 90' lang='lat' dir='ltr'><strong>ct</strong></span> <span class='ocrx_word' id='word_1_89' title='bbox 1668 921 1846 1007; x_wconf 80' lang='lat' dir='ltr'><strong>gratiarum</strong></span> <span class='ocrx_word' id='word_1_90' title='bbox 1880 922 2053 996; x_wconf 85' lang='lat' dir='ltr'><strong>actiones,</strong></span> <span class='ocrx_word' id='word_1_91' title='bbox 2088 924 2179 1008; x_wconf 88' lang='lat' dir='ltr'><strong>quod</strong></span> 
     </span>
     <span class='ocr_line' id='line_1_9' title="bbox 164 1003 2179 1090; baseline -0.001 -18"><span class='ocrx_word' id='word_1_92' title='bbox 164 1007 234 1073; x_wconf 86' lang='lat' dir='ltr'><strong>Sed</strong></span> <span class='ocrx_word' id='word_1_93' title='bbox 257 1006 417 1072; x_wconf 83' lang='lat' dir='ltr'>Salomon</span> <span class='ocrx_word' id='word_1_94' title='bbox 440 1006 537 1072; x_wconf 66' lang='lat' dir='ltr'><strong>dicits</strong></span> <span class='ocrx_word' id='word_1_95' title='bbox 568 1005 708 1086; x_wconf 77' lang='lat' dir='ltr'><strong>Propter</strong></span> <span class='ocrx_word' id='word_1_96' title='bbox 731 1013 869 1087; x_wconf 80' lang='lat' dir='ltr'><strong>peccato</strong></span> <span class='ocrx_word' id='word_1_97' title='bbox 894 1006 1009 1088; x_wconf 79' lang='lat' dir='ltr'><strong>populi</strong></span> <span class='ocrx_word' id='word_1_98' title='bbox 1029 1015 1145 1070; x_wconf 85' lang='lat' dir='ltr'><strong>mutcu·</strong></span> <span class='ocrx_word' id='word_1_99' title='bbox 1198 1006 1291 1071; x_wconf 82' lang='lat' dir='ltr'><strong>llcus</strong></span> <span class='ocrx_word' id='word_1_100' title='bbox 1325 1004 1468 1071; x_wconf 78' lang='lat' dir='ltr'><strong>voluerit</strong></span> <span class='ocrx_word' id='word_1_101' title='bbox 1501 1003 1566 1071; x_wconf 90' lang='lat' dir='ltr'><strong>hoc</strong></span> <span class='ocrx_word' id='word_1_102' title='bbox 1600 1003 1755 1090; x_wconf 86' lang='lat' dir='ltr'><strong>templum</strong></span> <span class='ocrx_word' id='word_1_103' title='bbox 1790 1008 1977 1072; x_wconf 84' lang='lat' dir='ltr'><strong>instaurari.</strong></span> <span class='ocrx_word' id='word_1_104' title='bbox 2030 1009 2083 1069; x_wconf 88' lang='lat' dir='ltr'><strong>Do</strong></span> <span class='ocrx_word' id='word_1_105' title='bbox 2104 1009 2179 1071; x_wconf 80' lang='lat' dir='ltr'><strong>sind</strong></span> 
     </span>
     <span class='ocr_line' id='line_1_10' title="bbox 164 1088 2177 1178; baseline 0.003 -24"><span class='ocrx_word' id='word_1_106' title='bbox 164 1102 215 1159; x_wconf 82' lang='lat' dir='ltr'><strong>tur</strong></span> <span class='ocrx_word' id='word_1_107' title='bbox 243 1088 455 1175; x_wconf 68' lang='lat' dir='ltr'><strong>principatur.</strong></span> <span class='ocrx_word' id='word_1_108' title='bbox 500 1091 596 1157; x_wconf 86' lang='lat' dir='ltr'><strong>Deus</strong></span> <span class='ocrx_word' id='word_1_109' title='bbox 630 1106 766 1177; x_wconf 89' lang='lat' dir='ltr'><strong>propter</strong></span> <span class='ocrx_word' id='word_1_110' title='bbox 798 1104 938 1178; x_wconf 85' lang='lat' dir='ltr'><strong>peccata</strong></span> <span class='ocrx_word' id='word_1_111' title='bbox 970 1091 1084 1178; x_wconf 89' lang='lat' dir='ltr'><strong>populi</strong></span> <span class='ocrx_word' id='word_1_112' title='bbox 1112 1106 1146 1159; x_wconf 92' lang='lat' dir='ltr'><strong>et</strong></span> <span class='ocrx_word' id='word_1_113' title='bbox 1197 1095 1250 1157; x_wconf 80' lang='lat' dir='ltr'><strong>dic</strong></span> <span class='ocrx_word' id='word_1_114' title='bbox 1271 1094 1333 1154; x_wconf 78' lang='lat' dir='ltr'><strong>tent</strong></span> <span class='ocrx_word' id='word_1_115' title='bbox 1347 1092 1467 1169; x_wconf 72' lang='lat' dir='ltr'><strong>frotico</strong></span> <span class='ocrx_word' id='word_1_116' title='bbox 1494 1092 1559 1153; x_wconf 85' lang='lat' dir='ltr'><strong>und</strong></span> <span class='ocrx_word' id='word_1_117' title='bbox 1586 1100 1708 1173; x_wconf 70' lang='lat' dir='ltr'><strong>putrore</strong></span> <span class='ocrx_word' id='word_1_118' title='bbox 1729 1113 1878 1173; x_wconf 77' lang='lat' dir='ltr'><strong>peccam.</strong></span> <span class='ocrx_word' id='word_1_119' title='bbox 1927 1093 2088 1160; x_wconf 74' lang='lat' dir='ltr'><strong>Viderunt</strong></span> <span class='ocrx_word' id='word_1_120' title='bbox 2111 1094 2177 1162; x_wconf 91' lang='lat' dir='ltr'><strong>hoc</strong></span> 
     </span>
     <span class='ocr_line' id='line_1_11' title="bbox 162 1175 2178 1266; baseline 0 -20"><span class='ocrx_word' id='word_1_121' title='bbox 162 1182 347 1265; x_wconf 70' lang='lat' dir='ltr'>principum</span> <span class='ocrx_word' id='word_1_122' title='bbox 370 1180 463 1265; x_wconf 91' lang='lat' dir='ltr'><strong>punit</strong></span> <span class='ocrx_word' id='word_1_123' title='bbox 486 1199 593 1264; x_wconf 82' lang='lat' dir='ltr'><strong>genus</strong></span> <span class='ocrx_word' id='word_1_124' title='bbox 617 1178 805 1244; x_wconf 78' lang='lat' dir='ltr'><strong>lurnmnum.</strong></span> <span class='ocrx_word' id='word_1_125' title='bbox 1196 1191 1326 1262; x_wconf 87' lang='lat' dir='ltr'><strong>tempus</strong></span> <span class='ocrx_word' id='word_1_126' title='bbox 1349 1199 1538 1264; x_wconf 77' lang='lat' dir='ltr'><strong>congruere</strong></span> <span class='ocrx_word' id='word_1_127' title='bbox 1561 1200 1634 1243; x_wconf 91' lang='lat' dir='ltr'><strong>cum</strong></span> <span class='ocrx_word' id='word_1_128' title='bbox 1657 1175 1728 1256; x_wconf 89' lang='lat' dir='ltr'><strong>illo,</strong></span> <span class='ocrx_word' id='word_1_129' title='bbox 1739 1180 1828 1265; x_wconf 90' lang='lat' dir='ltr'><strong>quod</strong></span> <span class='ocrx_word' id='word_1_130' title='bbox 1840 1179 1964 1245; x_wconf 90' lang='lat' dir='ltr'><strong>Daniel</strong></span> <span class='ocrx_word' id='word_1_131' title='bbox 1986 1192 2063 1246; x_wconf 91' lang='lat' dir='ltr'><strong>ante</strong></span> <span class='ocrx_word' id='word_1_132' title='bbox 2086 1202 2178 1266; x_wconf 88' lang='lat' dir='ltr'><strong>prae·</strong></span> 
     </span>
     <span class='ocr_line' id='line_1_12' title="bbox 249 1262 2177 1351; baseline 0 -20"><span class='ocrx_word' id='word_1_133' title='bbox 249 1267 338 1339; x_wconf 84' lang='lat' dir='ltr'>Quid</span> <span class='ocrx_word' id='word_1_134' title='bbox 359 1280 425 1331; x_wconf 86' lang='lat' dir='ltr'><strong>cst:</strong></span> <span class='ocrx_word' id='word_1_135' title='bbox 448 1263 601 1326; x_wconf 70' lang='lat' dir='ltr'><strong>Arabiton·</strong></span> <span class='ocrx_word' id='word_1_136' title='bbox 621 1264 703 1326; x_wconf 79' lang='lat' dir='ltr'><strong>Ze&#39;ou</strong></span> <span class='ocrx_word' id='word_1_137' title='bbox 725 1273 878 1347; x_wconf 78' lang='lat' dir='ltr'><strong>tamquam</strong></span> <span class='ocrx_word' id='word_1_138' title='bbox 895 1267 992 1346; x_wconf 75' lang='lat' dir='ltr'><strong>operi</strong></span> <span class='ocrx_word' id='word_1_139' title='bbox 1198 1266 1337 1329; x_wconf 72' lang='lat' dir='ltr'><strong>dixerat.</strong></span> <span class='ocrx_word' id='word_1_140' title='bbox 1382 1262 1424 1328; x_wconf 81' lang='lat' dir='ltr'><strong>Et</strong></span> <span class='ocrx_word' id='word_1_141' title='bbox 1446 1262 1501 1328; x_wconf 76' lang='lat' dir='ltr'><strong>tlte</strong></span> <span class='ocrx_word' id='word_1_142' title='bbox 1518 1285 1662 1351; x_wconf 86' lang='lat' dir='ltr'><strong>nequem</strong></span> <span class='ocrx_word' id='word_1_143' title='bbox 1685 1284 1725 1330; x_wconf 94' lang='lat' dir='ltr'><strong>eo</strong></span> <span class='ocrx_word' id='word_1_144' title='bbox 1749 1286 1837 1332; x_wconf 85' lang='lat' dir='ltr'><strong>arrno</strong></span> <span class='ocrx_word' id='word_1_145' title='bbox 1860 1277 1913 1330; x_wconf 85' lang='lat' dir='ltr'><strong>est</strong></span> <span class='ocrx_word' id='word_1_146' title='bbox 1935 1280 2098 1332; x_wconf 87' lang='lat' dir='ltr'><strong>mortuus.</strong></span> <span class='ocrx_word' id='word_1_147' title='bbox 2120 1265 2177 1332; x_wconf 86' lang='lat' dir='ltr'><strong>Di·</strong></span> 
     </span>
     <span class='ocr_line' id='line_1_13' title="bbox 249 1350 2147 1438; baseline 0.002 -22"><span class='ocrx_word' id='word_1_148' title='bbox 249 1351 286 1416; x_wconf 90' lang='lat' dir='ltr'><strong>ld</strong></span> <span class='ocrx_word' id='word_1_149' title='bbox 308 1362 373 1430; x_wconf 88' lang='lat' dir='ltr'><strong>est,</strong></span> <span class='ocrx_word' id='word_1_150' title='bbox 402 1362 472 1416; x_wconf 92' lang='lat' dir='ltr'><strong>tota</strong></span> <span class='ocrx_word' id='word_1_151' title='bbox 495 1353 613 1416; x_wconf 88' lang='lat' dir='ltr'><strong>civitas</strong></span> <span class='ocrx_word' id='word_1_152' title='bbox 643 1350 824 1429; x_wconf 87' lang='lat' dir='ltr'><strong>delebitur,</strong></span> <span class='ocrx_word' id='word_1_153' title='bbox 859 1362 892 1416; x_wconf 83' lang='lat' dir='ltr'><strong>et</strong></span> <span class='ocrx_word' id='word_1_154' title='bbox 913 1353 976 1416; x_wconf 90' lang='lat' dir='ltr'><strong>erit</strong></span> <span class='ocrx_word' id='word_1_155' title='bbox 992 1351 1143 1417; x_wconf 80' lang='lat' dir='ltr'><strong>vastitas</strong></span> <span class='ocrx_word' id='word_1_156' title='bbox 1197 1362 1276 1417; x_wconf 91' lang='lat' dir='ltr'><strong>eunt</strong></span> <span class='ocrx_word' id='word_1_157' title='bbox 1299 1372 1373 1415; x_wconf 89' lang='lat' dir='ltr'><strong>eum</strong></span> <span class='ocrx_word' id='word_1_158' title='bbox 1396 1371 1474 1415; x_wconf 84' lang='lat' dir='ltr'><strong>esse</strong></span> <span class='ocrx_word' id='word_1_159' title='bbox 1494 1370 1674 1417; x_wconf 83' lang='lat' dir='ltr'><strong>excussum</strong></span> <span class='ocrx_word' id='word_1_160' title='bbox 1696 1372 1716 1416; x_wconf 94' lang='lat' dir='ltr'><strong>e</strong></span> <span class='ocrx_word' id='word_1_161' title='bbox 1738 1373 1850 1431; x_wconf 86' lang='lat' dir='ltr'><strong>curru,</strong></span> <span class='ocrx_word' id='word_1_162' title='bbox 1874 1364 1907 1417; x_wconf 94' lang='lat' dir='ltr'><strong>ct</strong></span> <span class='ocrx_word' id='word_1_163' title='bbox 1928 1355 1974 1418; x_wconf 86' lang='lat' dir='ltr'><strong>ita</strong></span> <span class='ocrx_word' id='word_1_164' title='bbox 1995 1355 2147 1438; x_wconf 86' lang='lat' dir='ltr'><strong>periisse.</strong></span> 
     </span>
     <span class='ocr_line' id='line_1_14' title="bbox 162 1434 2189 1524; baseline 0.001 -21"><span class='ocrx_word' id='word_1_165' title='bbox 162 1438 250 1513; x_wconf 89' lang='lat' dir='ltr'><strong>Quid</strong></span> <span class='ocrx_word' id='word_1_166' title='bbox 274 1449 326 1503; x_wconf 89' lang='lat' dir='ltr'><strong>est</strong></span> <span class='ocrx_word' id='word_1_167' title='bbox 347 1439 411 1503; x_wconf 88' lang='lat' dir='ltr'><strong>iam</strong></span> <span class='ocrx_word' id='word_1_168' title='bbox 435 1437 517 1502; x_wconf 84' lang='lat' dir='ltr'><strong>Asia</strong></span> <span class='ocrx_word' id='word_1_169' title='bbox 539 1438 602 1501; x_wconf 86' lang='lat' dir='ltr'><strong>nisi</strong></span> <span class='ocrx_word' id='word_1_170' title='bbox 622 1434 792 1503; x_wconf 71' lang='lat' dir='ltr'><strong>solitudo?</strong></span> <span class='ocrx_word' id='word_1_171' title='bbox 808 1438 901 1503; x_wconf 85' lang='lat' dir='ltr'><strong>Sicut</strong></span> <span class='ocrx_word' id='word_1_172' title='bbox 918 1435 976 1516; x_wconf 90' lang='lat' dir='ltr'><strong>illi,</strong></span> <span class='ocrx_word' id='word_1_173' title='bbox 999 1435 1143 1523; x_wconf 76' lang='lat' dir='ltr'><strong>quiloca</strong></span> <span class='ocrx_word' id='word_1_174' title='bbox 1285 1435 1423 1501; x_wconf 74' lang='lat' dir='ltr'><strong>Deitatis</strong></span> <span class='ocrx_word' id='word_1_175' title='bbox 1447 1441 1595 1521; x_wconf 73' lang='lat' dir='ltr'><strong>cogitare</strong></span> <span class='ocrx_word' id='word_1_176' title='bbox 1618 1439 1660 1502; x_wconf 88' lang='lat' dir='ltr'><strong>de</strong></span> <span class='ocrx_word' id='word_1_177' title='bbox 1682 1438 1800 1521; x_wconf 88' lang='lat' dir='ltr'><strong>poenis</strong></span> <span class='ocrx_word' id='word_1_178' title='bbox 1822 1440 1964 1524; x_wconf 88' lang='lat' dir='ltr'><strong>peccati,</strong></span> <span class='ocrx_word' id='word_1_179' title='bbox 1979 1452 2012 1504; x_wconf 87' lang='lat' dir='ltr'><strong>et</strong></span> <span class='ocrx_word' id='word_1_180' title='bbox 2035 1441 2076 1504; x_wconf 88' lang='lat' dir='ltr'><strong>de</strong></span> <span class='ocrx_word' id='word_1_181' title='bbox 2098 1459 2189 1524; x_wconf 91' lang='lat' dir='ltr'><strong>poe·-</strong></span> 
     </span>
     <span class='ocr_line' id='line_1_15' title="bbox 161 1522 2177 1610; baseline -0 -19"><span class='ocrx_word' id='word_1_182' title='bbox 161 1524 220 1591; x_wconf 86' lang='lat' dir='ltr'><strong>illu</strong></span> <span class='ocrx_word' id='word_1_183' title='bbox 243 1526 406 1597; x_wconf 87' lang='lat' dir='ltr'><strong>viderunt,</strong></span> <span class='ocrx_word' id='word_1_184' title='bbox 429 1525 555 1604; x_wconf 88' lang='lat' dir='ltr'><strong>dicunt,</strong></span> <span class='ocrx_word' id='word_1_185' title='bbox 571 1522 655 1589; x_wconf 83' lang='lat' dir='ltr'><strong>nihil</strong></span> <span class='ocrx_word' id='word_1_186' title='bbox 675 1525 720 1590; x_wconf 91' lang='lat' dir='ltr'><strong>ibi</strong></span> <span class='ocrx_word' id='word_1_187' title='bbox 742 1543 820 1590; x_wconf 88' lang='lat' dir='ltr'><strong>esse</strong></span> <span class='ocrx_word' id='word_1_188' title='bbox 841 1524 905 1588; x_wconf 87' lang='lat' dir='ltr'><strong>nisi</strong></span> <span class='ocrx_word' id='word_1_189' title='bbox 928 1544 1047 1609; x_wconf 81' lang='lat' dir='ltr'><strong>pagos,</strong></span> <span class='ocrx_word' id='word_1_190' title='bbox 1067 1545 1143 1607; x_wconf 88' lang='lat' dir='ltr'><strong>pur·</strong></span> <span class='ocrx_word' id='word_1_191' title='bbox 1195 1524 1247 1587; x_wconf 90' lang='lat' dir='ltr'><strong>nis</strong></span> <span class='ocrx_word' id='word_1_192' title='bbox 1270 1522 1454 1589; x_wconf 79' lang='lat' dir='ltr'><strong>Ecclesiae.</strong></span> <span class='ocrx_word' id='word_1_193' title='bbox 1488 1522 1562 1589; x_wconf 82' lang='lat' dir='ltr'><strong>Fuit</strong></span> <span class='ocrx_word' id='word_1_194' title='bbox 1584 1524 1735 1609; x_wconf 86' lang='lat' dir='ltr'><strong>proiecto</strong></span> <span class='ocrx_word' id='word_1_195' title='bbox 1758 1545 1881 1610; x_wconf 85' lang='lat' dir='ltr'><strong>magna</strong></span> <span class='ocrx_word' id='word_1_196' title='bbox 1902 1524 2076 1591; x_wconf 87' lang='lat' dir='ltr'><strong>calamitas</strong></span> <span class='ocrx_word' id='word_1_197' title='bbox 2098 1526 2177 1591; x_wconf 80' lang='lat' dir='ltr'><strong>ista:</strong></span> 
     </span>
     <span class='ocr_line' id='line_1_16' title="bbox 160 1606 2176 1698; baseline 0 -21"><span class='ocrx_word' id='word_1_198' title='bbox 160 1631 224 1677; x_wconf 86' lang='lat' dir='ltr'><strong>vas</strong></span> <span class='ocrx_word' id='word_1_199' title='bbox 248 1629 360 1689; x_wconf 88' lang='lat' dir='ltr'><strong>casas,</strong></span> <span class='ocrx_word' id='word_1_200' title='bbox 382 1606 537 1695; x_wconf 77' lang='lat' dir='ltr'><strong>mapalia,</strong></span> <span class='ocrx_word' id='word_1_201' title='bbox 559 1630 698 1696; x_wconf 89' lang='lat' dir='ltr'><strong>pascua,</strong></span> <span class='ocrx_word' id='word_1_202' title='bbox 722 1610 889 1673; x_wconf 78' lang='lat' dir='ltr'><strong>oidczuclrt.</strong></span> <span class='ocrx_word' id='word_1_203' title='bbox 934 1610 998 1675; x_wconf 86' lang='lat' dir='ltr'><strong>Dei</strong></span> <span class='ocrx_word' id='word_1_204' title='bbox 1023 1609 1142 1675; x_wconf 81' lang='lat' dir='ltr'><strong>beneti-</strong></span> <span class='ocrx_word' id='word_1_205' title='bbox 1196 1629 1393 1695; x_wconf 81' lang='lat' dir='ltr'><strong>quamquam</strong></span> <span class='ocrx_word' id='word_1_206' title='bbox 1415 1622 1514 1675; x_wconf 89' lang='lat' dir='ltr'><strong>antea</strong></span> <span class='ocrx_word' id='word_1_207' title='bbox 1537 1630 1668 1695; x_wconf 89' lang='lat' dir='ltr'><strong>quoquc</strong></span> <span class='ocrx_word' id='word_1_208' title='bbox 1697 1610 1886 1678; x_wconf 87' lang='lat' dir='ltr'><strong>habuerunt</strong></span> <span class='ocrx_word' id='word_1_209' title='bbox 1918 1610 2031 1698; x_wconf 84' lang='lat' dir='ltr'><strong>alique</strong></span> <span class='ocrx_word' id='word_1_210' title='bbox 2064 1610 2176 1692; x_wconf 79' lang='lat' dir='ltr'><strong>erilis,</strong></span> 
     </span>
     <span class='ocr_line' id='line_1_17' title="bbox 162 1694 2178 1783; baseline 0 -21"><span class='ocrx_word' id='word_1_211' title='bbox 162 1699 214 1763; x_wconf 94' lang='lat' dir='ltr'><strong>cio</strong></span> <span class='ocrx_word' id='word_1_212' title='bbox 237 1697 358 1763; x_wconf 85' lang='lat' dir='ltr'><strong>videtis</strong></span> <span class='ocrx_word' id='word_1_213' title='bbox 379 1697 589 1762; x_wconf 82' lang='lat' dir='ltr'><strong>mediocriter</strong></span> <span class='ocrx_word' id='word_1_214' title='bbox 605 1698 670 1762; x_wconf 91' lang='lat' dir='ltr'><strong>iam</strong></span> <span class='ocrx_word' id='word_1_215' title='bbox 694 1695 817 1763; x_wconf 86' lang='lat' dir='ltr'><strong>cultam</strong></span> <span class='ocrx_word' id='word_1_216' title='bbox 839 1716 917 1761; x_wconf 88' lang='lat' dir='ltr'><strong>esse</strong></span> <span class='ocrx_word' id='word_1_217' title='bbox 930 1697 1141 1783; x_wconf 81' lang='lat' dir='ltr'><strong>gerntauiam.</strong></span> <span class='ocrx_word' id='word_1_218' title='bbox 1196 1707 1308 1761; x_wconf 88' lang='lat' dir='ltr'><strong>tumen</strong></span> <span class='ocrx_word' id='word_1_219' title='bbox 1329 1697 1416 1760; x_wconf 85' lang='lat' dir='ltr'><strong>istac</strong></span> <span class='ocrx_word' id='word_1_220' title='bbox 1437 1717 1566 1782; x_wconf 79' lang='lat' dir='ltr'><strong>poenae</strong></span> <span class='ocrx_word' id='word_1_221' title='bbox 1588 1694 1723 1761; x_wconf 78' lang='lat' dir='ltr'><strong>fuerunt</strong></span> <span class='ocrx_word' id='word_1_222' title='bbox 1745 1694 1848 1763; x_wconf 90' lang='lat' dir='ltr'><strong>multo</strong></span> <span class='ocrx_word' id='word_1_223' title='bbox 1870 1699 2024 1764; x_wconf 89' lang='lat' dir='ltr'><strong>maiores.</strong></span> <span class='ocrx_word' id='word_1_224' title='bbox 2070 1697 2178 1771; x_wconf 83' lang='lat' dir='ltr'><strong>Etiam</strong></span> 
     </span>
     <span class='ocr_line' id='line_1_18' title="bbox 162 1777 2178 1869; baseline 0 -20"><span class='ocrx_word' id='word_1_225' title='bbox 162 1782 230 1849; x_wconf 85' lang='lat' dir='ltr'><strong>Sed</strong></span> <span class='ocrx_word' id='word_1_226' title='bbox 253 1783 332 1869; x_wconf 89' lang='lat' dir='ltr'><strong>quid</strong></span> <span class='ocrx_word' id='word_1_227' title='bbox 354 1784 417 1848; x_wconf 81' lang='lat' dir='ltr'><strong>erit</strong></span> <span class='ocrx_word' id='word_1_228' title='bbox 433 1781 534 1868; x_wconf 89' lang='lat' dir='ltr'><strong>paulo</strong></span> <span class='ocrx_word' id='word_1_229' title='bbox 556 1783 654 1869; x_wconf 73' lang='lat' dir='ltr'><strong>past?</strong></span> <span class='ocrx_word' id='word_1_230' title='bbox 676 1784 809 1868; x_wconf 86' lang='lat' dir='ltr'><strong>quando</strong></span> <span class='ocrx_word' id='word_1_231' title='bbox 832 1783 1141 1850; x_wconf 80' lang='lat' dir='ltr'><strong>vastabitura&#39;l&#39;ur-</strong></span> <span class='ocrx_word' id='word_1_232' title='bbox 1195 1777 1285 1847; x_wconf 84' lang='lat' dir='ltr'><strong>iacta</strong></span> <span class='ocrx_word' id='word_1_233' title='bbox 1307 1802 1404 1868; x_wconf 88' lang='lat' dir='ltr'><strong>pace,</strong></span> <span class='ocrx_word' id='word_1_234' title='bbox 1422 1794 1531 1848; x_wconf 86' lang='lat' dir='ltr'><strong>tamen</strong></span> <span class='ocrx_word' id='word_1_235' title='bbox 1554 1783 1679 1867; x_wconf 84' lang='lat' dir='ltr'><strong>posteri</strong></span> <span class='ocrx_word' id='word_1_236' title='bbox 1688 1781 1970 1849; x_wconf 84' lang='lat' dir='ltr'><strong>Maccahaeorum</strong></span> <span class='ocrx_word' id='word_1_237' title='bbox 1991 1785 2077 1849; x_wconf 89' lang='lat' dir='ltr'><strong>inter</strong></span> <span class='ocrx_word' id='word_1_238' title='bbox 2099 1802 2178 1851; x_wconf 87' lang='lat' dir='ltr'><strong>sese</strong></span> 
     </span>
     <span class='ocr_line' id='line_1_19' title="bbox 163 1865 2177 1956; baseline 0 -21"><span class='ocrx_word' id='word_1_239' title='bbox 163 1872 224 1949; x_wconf 86' lang='lat' dir='ltr'><strong>eis,</strong></span> <span class='ocrx_word' id='word_1_240' title='bbox 257 1880 315 1934; x_wconf 89' lang='lat' dir='ltr'><strong>aut</strong></span> <span class='ocrx_word' id='word_1_241' title='bbox 347 1866 445 1935; x_wconf 88' lang='lat' dir='ltr'><strong>hellis</strong></span> <span class='ocrx_word' id='word_1_242' title='bbox 475 1865 645 1944; x_wconf 89' lang='lat' dir='ltr'><strong>civilibus,</strong></span> <span class='ocrx_word' id='word_1_243' title='bbox 668 1871 757 1956; x_wconf 87' lang='lat' dir='ltr'><strong>quod</strong></span> <span class='ocrx_word' id='word_1_244' title='bbox 785 1871 1027 1936; x_wconf 83' lang='lat' dir='ltr'><strong>ctiam&#39;rnctuo.</strong></span> <span class='ocrx_word' id='word_1_245' title='bbox 1073 1869 1141 1939; x_wconf 86' lang='lat' dir='ltr'><strong>Sed</strong></span> <span class='ocrx_word' id='word_1_246' title='bbox 1196 1868 1401 1934; x_wconf 80' lang='lat' dir='ltr'><strong>dimicarunt.</strong></span> <span class='ocrx_word' id='word_1_247' title='bbox 1448 1867 1546 1933; x_wconf 88' lang='lat' dir='ltr'><strong>ludas</strong></span> <span class='ocrx_word' id='word_1_248' title='bbox 1579 1870 1629 1933; x_wconf 91' lang='lat' dir='ltr'><strong>in.</strong></span> <span class='ocrx_word' id='word_1_249' title='bbox 1646 1870 1718 1935; x_wconf 87' lang='lat' dir='ltr'><strong>acie</strong></span> <span class='ocrx_word' id='word_1_250' title='bbox 1746 1869 1883 1945; x_wconf 84' lang='lat' dir='ltr'><strong>cecidit;</strong></span> <span class='ocrx_word' id='word_1_251' title='bbox 1905 1868 2010 1936; x_wconf 88' lang='lat' dir='ltr'><strong>frater</strong></span> <span class='ocrx_word' id='word_1_252' title='bbox 2032 1871 2104 1935; x_wconf 88' lang='lat' dir='ltr'><strong>eius</strong></span> <span class='ocrx_word' id='word_1_253' title='bbox 2126 1869 2177 1935; x_wconf 91' lang='lat' dir='ltr'><strong>lo·</strong></span> 
     </span>
     <span class='ocr_line' id='line_1_20' title="bbox 160 1953 2178 2043; baseline -0 -21"><span class='ocrx_word' id='word_1_254' title='bbox 160 1956 270 2043; x_wconf 80' lang='lat' dir='ltr'><strong>magis</strong></span> <span class='ocrx_word' id='word_1_255' title='bbox 292 1968 415 2035; x_wconf 86' lang='lat' dir='ltr'><strong>metuo,</strong></span> <span class='ocrx_word' id='word_1_256' title='bbox 437 1975 480 2021; x_wconf 91' lang='lat' dir='ltr'><strong>nc</strong></span> <span class='ocrx_word' id='word_1_257' title='bbox 502 1967 651 2022; x_wconf 78' lang='lat' dir='ltr'><strong>vastetur</strong></span> <span class='ocrx_word' id='word_1_258' title='bbox 667 1977 688 2021; x_wconf 90' lang='lat' dir='ltr'>u</span> <span class='ocrx_word' id='word_1_259' title='bbox 705 1954 835 2022; x_wconf 88' lang='lat' dir='ltr'><strong>Turcis.</strong></span> <span class='ocrx_word' id='word_1_260' title='bbox 1194 1954 1315 2019; x_wconf 84' lang='lat' dir='ltr'><strong>nothas</strong></span> <span class='ocrx_word' id='word_1_261' title='bbox 1344 1953 1556 2031; x_wconf 82' lang='lat' dir='ltr'><strong>interficitur3</strong></span> <span class='ocrx_word' id='word_1_262' title='bbox 1594 1955 1682 2020; x_wconf 91' lang='lat' dir='ltr'><strong>sicut</strong></span> <span class='ocrx_word' id='word_1_263' title='bbox 1715 1967 1749 2020; x_wconf 91' lang='lat' dir='ltr'><strong>et</strong></span> <span class='ocrx_word' id='word_1_264' title='bbox 1781 1953 1867 2022; x_wconf 86' lang='lat' dir='ltr'><strong>alter</strong></span> <span class='ocrx_word' id='word_1_265' title='bbox 1899 1954 2004 2022; x_wconf 85' lang='lat' dir='ltr'><strong>frater</strong></span> <span class='ocrx_word' id='word_1_266' title='bbox 2037 1958 2178 2023; x_wconf 78' lang='lat' dir='ltr'><strong>Simeon.</strong></span> 
     </span>
     <span class='ocr_line' id='line_1_21' title="bbox 247 2037 2177 2124; baseline 0.002 -20"><span class='ocrx_word' id='word_1_267' title='bbox 247 2040 321 2124; x_wconf 74' lang='lat' dir='ltr'><strong>Bep</strong></span> <span class='ocrx_word' id='word_1_268' title='bbox 342 2043 411 2105; x_wconf 63' lang='lat' dir='ltr'><strong>mitt</strong></span> <span class='ocrx_word' id='word_1_269' title='bbox 440 2039 528 2108; x_wconf 84' lang='lat' dir='ltr'><strong>festo</strong></span> <span class='ocrx_word' id='word_1_270' title='bbox 558 2042 688 2107; x_wconf 87' lang='lat' dir='ltr'><strong>debetis</strong></span> <span class='ocrx_word' id='word_1_271' title='bbox 710 2043 899 2108; x_wconf 79' lang='lat' dir='ltr'><strong>meminisse</strong></span> <span class='ocrx_word' id='word_1_272' title='bbox 918 2041 1019 2106; x_wconf 89' lang='lat' dir='ltr'><strong>totius</strong></span> <span class='ocrx_word' id='word_1_273' title='bbox 1040 2039 1141 2108; x_wconf 88' lang='lat' dir='ltr'><strong>histo·</strong></span> <span class='ocrx_word' id='word_1_274' title='bbox 1194 2038 1301 2107; x_wconf 83' lang='lat' dir='ltr'><strong>Huius</strong></span> <span class='ocrx_word' id='word_1_275' title='bbox 1322 2037 1422 2119; x_wconf 85' lang='lat' dir='ltr'><strong>filius,</strong></span> <span class='ocrx_word' id='word_1_276' title='bbox 1445 2039 1611 2107; x_wconf 85' lang='lat' dir='ltr'><strong>lohannes</strong></span> <span class='ocrx_word' id='word_1_277' title='bbox 1630 2041 1811 2122; x_wconf 76' lang='lat' dir='ltr'><strong>llhcenus,</strong></span> <span class='ocrx_word' id='word_1_278' title='bbox 1839 2041 1956 2109; x_wconf 90' lang='lat' dir='ltr'><strong>habuit</strong></span> <span class='ocrx_word' id='word_1_279' title='bbox 1976 2044 2177 2111; x_wconf 85' lang='lat' dir='ltr'><strong>mediocrem</strong></span> 
     </span>
     <span class='ocr_line' id='line_1_22' title="bbox 159 2123 2178 2215; baseline 0 -21"><span class='ocrx_word' id='word_1_280' title='bbox 159 2128 247 2204; x_wconf 85' lang='lat' dir='ltr'><strong>riae;</strong></span> <span class='ocrx_word' id='word_1_281' title='bbox 270 2125 409 2193; x_wconf 84' lang='lat' dir='ltr'><strong>Debetis</strong></span> <span class='ocrx_word' id='word_1_282' title='bbox 432 2130 582 2215; x_wconf 84' lang='lat' dir='ltr'><strong>cogitare</strong></span> <span class='ocrx_word' id='word_1_283' title='bbox 605 2130 648 2194; x_wconf 87' lang='lat' dir='ltr'><strong>de</strong></span> <span class='ocrx_word' id='word_1_284' title='bbox 669 2131 719 2193; x_wconf 88' lang='lat' dir='ltr'><strong>ira</strong></span> <span class='ocrx_word' id='word_1_285' title='bbox 730 2128 797 2194; x_wconf 91' lang='lat' dir='ltr'><strong>Dei</strong></span> <span class='ocrx_word' id='word_1_286' title='bbox 818 2128 983 2195; x_wconf 80' lang='lat' dir='ltr'><strong>adversus</strong></span> <span class='ocrx_word' id='word_1_287' title='bbox 1000 2138 1142 2213; x_wconf 86' lang='lat' dir='ltr'><strong>peccate</strong></span> <span class='ocrx_word' id='word_1_288' title='bbox 1194 2136 1332 2195; x_wconf 86' lang='lat' dir='ltr'><strong>statum:</strong></span> <span class='ocrx_word' id='word_1_289' title='bbox 1354 2126 1404 2192; x_wconf 83' lang='lat' dir='ltr'><strong>lbi</strong></span> <span class='ocrx_word' id='word_1_290' title='bbox 1426 2123 1574 2194; x_wconf 84' lang='lat' dir='ltr'><strong>initiam</strong></span> <span class='ocrx_word' id='word_1_291' title='bbox 1596 2125 1684 2209; x_wconf 73' lang='grc' dir='ltr'><strong><em>ἀκμή.</em></strong></span> <span class='ocrx_word' id='word_1_292' title='bbox 1729 2127 1797 2194; x_wconf 90' lang='lat' dir='ltr'><strong>Sed</strong></span> <span class='ocrx_word' id='word_1_293' title='bbox 1820 2129 1931 2195; x_wconf 87' lang='lat' dir='ltr'><strong>statim</strong></span> <span class='ocrx_word' id='word_1_294' title='bbox 1948 2126 2037 2195; x_wconf 85' lang='lat' dir='ltr'><strong>iilius</strong></span> <span class='ocrx_word' id='word_1_295' title='bbox 2050 2130 2178 2195; x_wconf 84' lang='lat' dir='ltr'><strong>Aristo·</strong></span> 
     </span>
     <span class='ocr_line' id='line_1_23' title="bbox 184 2210 2271 2301; baseline 0.001 -22"><span class='ocrx_word' id='word_1_296' title='bbox 184 2210 275 2300; x_wconf 83' lang='lat' dir='ltr'><strong>epuli</strong></span> <span class='ocrx_word' id='word_1_297' title='bbox 298 2226 331 2280; x_wconf 92' lang='lat' dir='ltr'><strong>et</strong></span> <span class='ocrx_word' id='word_1_298' title='bbox 355 2215 552 2299; x_wconf 85' lang='lat' dir='ltr'><strong>principum,</strong></span> <span class='ocrx_word' id='word_1_299' title='bbox 571 2225 709 2301; x_wconf 86' lang='lat' dir='ltr'><strong>propter</strong></span> <span class='ocrx_word' id='word_1_300' title='bbox 730 2224 1141 2300; x_wconf 86' lang='lat' dir='ltr'><strong>quaeveueruntpoenae.</strong></span> <span class='ocrx_word' id='word_1_301' title='bbox 1195 2211 1294 2279; x_wconf 88' lang='lat' dir='ltr'><strong>huius</strong></span> <span class='ocrx_word' id='word_1_302' title='bbox 1317 2211 1388 2279; x_wconf 87' lang='lat' dir='ltr'><strong>vult</strong></span> <span class='ocrx_word' id='word_1_303' title='bbox 1410 2233 1488 2280; x_wconf 88' lang='lat' dir='ltr'><strong>esse</strong></span> <span class='ocrx_word' id='word_1_304' title='bbox 1509 2212 1595 2294; x_wconf 86' lang='lat' dir='ltr'><strong>Rex,</strong></span> <span class='ocrx_word' id='word_1_305' title='bbox 1617 2235 1692 2281; x_wconf 89' lang='lat' dir='ltr'><strong>cum</strong></span> <span class='ocrx_word' id='word_1_306' title='bbox 1714 2224 1823 2280; x_wconf 88' lang='lat' dir='ltr'><strong>tamen</strong></span> <span class='ocrx_word' id='word_1_307' title='bbox 1846 2234 1913 2280; x_wconf 90' lang='lat' dir='ltr'><strong>non</strong></span> <span class='ocrx_word' id='word_1_308' title='bbox 1936 2227 2029 2281; x_wconf 88' lang='lat' dir='ltr'><strong>esset</strong></span> <span class='ocrx_word' id='word_1_309' title='bbox 2056 2235 2099 2281; x_wconf 82' lang='lat' dir='ltr'><strong>ex</strong></span> <span class='ocrx_word' id='word_1_310' title='bbox 2117 2236 2177 2299; x_wconf 86' lang='lat' dir='ltr'><strong>po·</strong></span> <span class='ocrx_word' id='word_1_311' title='bbox 2267 2264 2271 2271; x_wconf 82' lang='lat'>.</span> 
     </span>
     <span class='ocr_line' id='line_1_24' title="bbox 158 2236 2177 2388; baseline 0.002 -23"><span class='ocrx_word' id='word_1_312' title='bbox 158 2236 256 2366; x_wconf 76' lang='lat' dir='ltr'><strong>heus</strong></span> <span class='ocrx_word' id='word_1_313' title='bbox 274 2303 467 2384; x_wconf 74' lang='lat' dir='ltr'><strong>pessimum,</strong></span> <span class='ocrx_word' id='word_1_314' title='bbox 490 2302 761 2380; x_wconf 85' lang='lat' dir='ltr'><strong>audacissimum,</strong></span> <span class='ocrx_word' id='word_1_315' title='bbox 784 2302 1020 2387; x_wconf 81' lang='lat' dir='ltr'><strong>nequissimum</strong></span> <span class='ocrx_word' id='word_1_316' title='bbox 1042 2300 1142 2366; x_wconf 91' lang='lat' dir='ltr'><strong>homi·</strong></span> <span class='ocrx_word' id='word_1_317' title='bbox 1195 2300 1348 2367; x_wconf 88' lang='lat' dir='ltr'><strong>steritute</strong></span> <span class='ocrx_word' id='word_1_318' title='bbox 1368 2302 1477 2388; x_wconf 71' lang='lat' dir='ltr'><strong>regim</strong></span> <span class='ocrx_word' id='word_1_319' title='bbox 1500 2312 1573 2384; x_wconf 81' lang='lat' dir='ltr'><strong>erat</strong></span> <span class='ocrx_word' id='word_1_320' title='bbox 1594 2322 1637 2366; x_wconf 82' lang='lat' dir='ltr'><strong>ex</strong></span> <span class='ocrx_word' id='word_1_321' title='bbox 1658 2301 1763 2385; x_wconf 84' lang='lat' dir='ltr'><strong>stirpe</strong></span> <span class='ocrx_word' id='word_1_322' title='bbox 1784 2298 2016 2381; x_wconf 83' lang='lat' dir='ltr'><strong>Sacerdotali,</strong></span> <span class='ocrx_word' id='word_1_323' title='bbox 2037 2312 2071 2366; x_wconf 90' lang='lat' dir='ltr'><strong>et</strong></span> <span class='ocrx_word' id='word_1_324' title='bbox 2098 2322 2177 2387; x_wconf 91' lang='lat' dir='ltr'><strong>pro·</strong></span> 
     </span>
     <span class='ocr_line' id='line_1_25' title="bbox 159 2382 2177 2475; baseline 0.001 -25"><span class='ocrx_word' id='word_1_325' title='bbox 159 2405 236 2450; x_wconf 91' lang='lat' dir='ltr'><strong>nem</strong></span> <span class='ocrx_word' id='word_1_326' title='bbox 257 2384 461 2454; x_wconf 83' lang='lat' dir='ltr'><strong>Antiochum</strong></span> <span class='ocrx_word' id='word_1_327' title='bbox 482 2385 700 2472; x_wconf 85' lang='lat' dir='ltr'><strong>Epiphaoem,</strong></span> <span class='ocrx_word' id='word_1_328' title='bbox 723 2387 873 2472; x_wconf 84' lang='lat' dir='ltr'><strong>permisit</strong></span> <span class='ocrx_word' id='word_1_329' title='bbox 895 2388 941 2452; x_wconf 90' lang='lat' dir='ltr'><strong>ita</strong></span> <span class='ocrx_word' id='word_1_330' title='bbox 963 2382 1085 2465; x_wconf 78' lang='lat' dir='ltr'><strong>furere,</strong></span> <span class='ocrx_word' id='word_1_331' title='bbox 1108 2396 1143 2451; x_wconf 91' lang='lat' dir='ltr'><strong>et</strong></span> <span class='ocrx_word' id='word_1_332' title='bbox 1193 2399 1268 2472; x_wconf 88' lang='lat' dir='ltr'><strong>pter</strong></span> <span class='ocrx_word' id='word_1_333' title='bbox 1284 2406 1425 2474; x_wconf 72' lang='lat' dir='ltr'><strong>reguum</strong></span> <span class='ocrx_word' id='word_1_334' title='bbox 1446 2385 1601 2453; x_wconf 84' lang='lat' dir='ltr'><strong>interficit</strong></span> <span class='ocrx_word' id='word_1_335' title='bbox 1616 2384 1753 2474; x_wconf 79' lang='lat' dir='ltr'><strong>fratrem</strong></span> <span class='ocrx_word' id='word_1_336' title='bbox 1765 2386 1979 2474; x_wconf 77' lang='lat' dir='ltr'><strong>Antigonum.</strong></span> <span class='ocrx_word' id='word_1_337' title='bbox 2012 2391 2177 2475; x_wconf 81' lang='lat' dir='ltr'><strong>Ipseque·</strong></span> 
     </span>
     <span class='ocr_line' id='line_1_26' title="bbox 160 2470 2177 2561; baseline 0.002 -24"><span class='ocrx_word' id='word_1_338' title='bbox 160 2473 310 2558; x_wconf 79' lang='lat' dir='ltr'><strong>grassari</strong></span> <span class='ocrx_word' id='word_1_339' title='bbox 332 2472 365 2537; x_wconf 93' lang='lat' dir='ltr'><strong>in</strong></span> <span class='ocrx_word' id='word_1_340' title='bbox 388 2470 548 2559; x_wconf 87' lang='lat' dir='ltr'><strong>populum</strong></span> <span class='ocrx_word' id='word_1_341' title='bbox 569 2491 682 2540; x_wconf 88' lang='lat' dir='ltr'><strong>suum:</strong></span> <span class='ocrx_word' id='word_1_342' title='bbox 711 2474 798 2538; x_wconf 89' lang='lat' dir='ltr'><strong>sicut</strong></span> <span class='ocrx_word' id='word_1_343' title='bbox 826 2471 917 2538; x_wconf 90' lang='lat' dir='ltr'><strong>illam</strong></span> <span class='ocrx_word' id='word_1_344' title='bbox 939 2474 1141 2538; x_wconf 87' lang='lat' dir='ltr'><strong>teterrimam</strong></span> <span class='ocrx_word' id='word_1_345' title='bbox 1194 2492 1261 2559; x_wconf 84' lang='lat' dir='ltr'><strong>que</strong></span> <span class='ocrx_word' id='word_1_346' title='bbox 1292 2491 1433 2541; x_wconf 85' lang='lat' dir='ltr'><strong>romeus</strong></span> <span class='ocrx_word' id='word_1_347' title='bbox 1466 2474 1687 2561; x_wconf 79' lang='lat' dir='ltr'><strong>sanguinem,</strong></span> <span class='ocrx_word' id='word_1_348' title='bbox 1719 2474 1844 2557; x_wconf 68' lang='lat' dir='ltr'><strong>periit..</strong></span> <span class='ocrx_word' id='word_1_349' title='bbox 1882 2474 2042 2541; x_wconf 85' lang='lat' dir='ltr'><strong>Succedit</strong></span> <span class='ocrx_word' id='word_1_350' title='bbox 2072 2474 2177 2541; x_wconf 69' lang='lat' dir='ltr'><strong>frate</strong></span> 
     </span>
     <span class='ocr_line' id='line_1_27' title="bbox 160 2554 2255 2649; baseline 0.001 -25"><span class='ocrx_word' id='word_1_351' title='bbox 160 2554 311 2624; x_wconf 88' lang='lat' dir='ltr'><strong>eloacam</strong></span> <span class='ocrx_word' id='word_1_352' title='bbox 331 2558 567 2640; x_wconf 87' lang='lat' dir='ltr'><strong>Diabolorum,</strong></span> <span class='ocrx_word' id='word_1_353' title='bbox 591 2559 760 2624; x_wconf 83' lang='lat' dir='ltr'><strong>Neronem</strong></span> <span class='ocrx_word' id='word_1_354' title='bbox 783 2561 931 2644; x_wconf 88' lang='lat' dir='ltr'><strong>penuisit</strong></span> <span class='ocrx_word' id='word_1_355' title='bbox 952 2558 1141 2625; x_wconf 88' lang='lat' dir='ltr'><strong>interlicere</strong></span> <span class='ocrx_word' id='word_1_356' title='bbox 1194 2555 1390 2627; x_wconf 77' lang='lat' dir='ltr'><strong>Alexander</strong></span> <span class='ocrx_word' id='word_1_357' title='bbox 1410 2563 1583 2627; x_wconf 78' lang='lat' dir='ltr'><strong>hunueus.</strong></span> <span class='ocrx_word' id='word_1_358' title='bbox 1627 2559 1693 2626; x_wconf 88' lang='lat' dir='ltr'><strong>Hic</strong></span> <span class='ocrx_word' id='word_1_359' title='bbox 1713 2557 1829 2625; x_wconf 89' lang='lat' dir='ltr'><strong>habuit</strong></span> <span class='ocrx_word' id='word_1_360' title='bbox 1851 2562 1937 2627; x_wconf 83' lang='lat' dir='ltr'><strong>duos</strong></span> <span class='ocrx_word' id='word_1_361' title='bbox 1967 2557 2074 2640; x_wconf 84' lang='lat' dir='ltr'><strong>lilios,</strong></span> <span class='ocrx_word' id='word_1_362' title='bbox 2101 2559 2177 2627; x_wconf 90' lang='lat' dir='ltr'><strong>lllr·</strong></span> <span class='ocrx_word' id='word_1_363' title='bbox 2246 2632 2255 2649; x_wconf 51' lang='grc'><strong><em>,</em></strong></span> 
     </span>
     <span class='ocr_line' id='line_1_28' title="bbox 158 2640 2177 2732; baseline 0.002 -24"><span class='ocrx_word' id='word_1_364' title='bbox 158 2640 310 2710; x_wconf 82' lang='lat' dir='ltr'><strong>Paulum.</strong></span> <span class='ocrx_word' id='word_1_365' title='bbox 338 2644 475 2719; x_wconf 69' lang='lat' dir='ltr'><strong>Quare?</strong></span> <span class='ocrx_word' id='word_1_366' title='bbox 495 2657 533 2713; x_wconf 91' lang='lat' dir='ltr'><strong>ut</strong></span> <span class='ocrx_word' id='word_1_367' title='bbox 554 2646 599 2710; x_wconf 90' lang='lat' dir='ltr'><strong>sit</strong></span> <span class='ocrx_word' id='word_1_368' title='bbox 619 2643 984 2712; x_wconf 86' lang='lat' dir='ltr'><strong>illustretestlmooium</strong></span> <span class='ocrx_word' id='word_1_369' title='bbox 1005 2643 1142 2732; x_wconf 86' lang='lat' dir='ltr'><strong>proEc·</strong></span> <span class='ocrx_word' id='word_1_370' title='bbox 1195 2666 1315 2713; x_wconf 89' lang='lat' dir='ltr'><strong>eanum</strong></span> <span class='ocrx_word' id='word_1_371' title='bbox 1337 2645 1622 2715; x_wconf 88' lang='lat' dir='ltr'><strong>etAristohulum.</strong></span> <span class='ocrx_word' id='word_1_372' title='bbox 1655 2645 1822 2713; x_wconf 86' lang='lat' dir='ltr'><strong>llircaous</strong></span> <span class='ocrx_word' id='word_1_373' title='bbox 1833 2645 1972 2713; x_wconf 87' lang='lat' dir='ltr'><strong>attrahit</strong></span> <span class='ocrx_word' id='word_1_374' title='bbox 1984 2646 2177 2731; x_wconf 69' lang='lat' dir='ltr'><strong>Pompeium</strong></span> 
     </span>
     <span class='ocr_line' id='line_1_29' title="bbox 159 2726 2266 2819; baseline 0.001 -23"><span class='ocrx_word' id='word_1_375' title='bbox 159 2726 282 2809; x_wconf 71' lang='lat' dir='ltr'><strong>cleslar</strong></span> <span class='ocrx_word' id='word_1_376' title='bbox 308 2729 482 2813; x_wconf 84' lang='lat' dir='ltr'><strong>videlieet,</strong></span> <span class='ocrx_word' id='word_1_377' title='bbox 509 2733 598 2819; x_wconf 85' lang='lat' dir='ltr'><strong>quod</strong></span> <span class='ocrx_word' id='word_1_378' title='bbox 624 2734 703 2799; x_wconf 89' lang='lat' dir='ltr'><strong>iusti</strong></span> <span class='ocrx_word' id='word_1_379' title='bbox 730 2734 898 2819; x_wconf 78' lang='lat' dir='ltr'><strong>patiantur</strong></span> <span class='ocrx_word' id='word_1_380' title='bbox 923 2735 966 2799; x_wconf 89' lang='lat' dir='ltr'><strong>ab</strong></span> <span class='ocrx_word' id='word_1_381' title='bbox 994 2733 1141 2799; x_wconf 79' lang='lat' dir='ltr'><strong>iniustisr</strong></span> <span class='ocrx_word' id='word_1_382' title='bbox 1195 2731 1528 2814; x_wconf 68' lang='lat' dir='ltr'><strong>comitaturam,</strong></span> <span class='ocrx_word' id='word_1_383' title='bbox 1561 2754 1637 2801; x_wconf 91' lang='lat' dir='ltr'><strong>cum</strong></span> <span class='ocrx_word' id='word_1_384' title='bbox 1670 2742 1764 2799; x_wconf 86' lang='lat' dir='ltr'><strong>esset</strong></span> <span class='ocrx_word' id='word_1_385' title='bbox 1791 2753 1958 2801; x_wconf 84' lang='lat' dir='ltr'><strong>excussus</strong></span> <span class='ocrx_word' id='word_1_386' title='bbox 1978 2734 2023 2799; x_wconf 88' lang='lat' dir='ltr'><strong>eh</strong></span> <span class='ocrx_word' id='word_1_387' title='bbox 2044 2734 2178 2801; x_wconf 83' lang='lat' dir='ltr'><strong>Ariste·</strong></span> <span class='ocrx_word' id='word_1_388' title='bbox 2263 2794 2266 2799; x_wconf 90' lang='lat'>.</span> 
     </span>
     <span class='ocr_line' id='line_1_30' title="bbox 126 2756 2176 2909; baseline 0.003 -28"><span class='ocrx_word' id='word_1_389' title='bbox 126 2818 236 2899; x_wconf 44' lang='lat' dir='ltr'><strong>,does</strong></span> <span class='ocrx_word' id='word_1_390' title='bbox 256 2838 328 2909; x_wconf 74' lang='lat' dir='ltr'><strong>moa</strong></span> <span class='ocrx_word' id='word_1_391' title='bbox 349 2820 717 2908; x_wconf 59' lang='lat' dir='ltr'><strong>omriclrmcemmd</strong></span> <span class='ocrx_word' id='word_1_392' title='bbox 738 2818 798 2902; x_wconf 89' lang='lat' dir='ltr'><strong>illi,</strong></span> <span class='ocrx_word' id='word_1_393' title='bbox 819 2822 875 2908; x_wconf 88' lang='lat' dir='ltr'><strong>qul</strong></span> <span class='ocrx_word' id='word_1_394' title='bbox 893 2818 1141 2908; x_wconf 79' lang='lat' dir='ltr'><strong>grassanturin</strong></span> <span class='ocrx_word' id='word_1_395' title='bbox 1195 2821 1217 2886; x_wconf 89' lang='lat' dir='ltr'><strong>b</strong></span> <span class='ocrx_word' id='word_1_396' title='bbox 1255 2838 1287 2885; x_wconf 85' lang='lat' dir='ltr'><strong>o.</strong></span> <span class='ocrx_word' id='word_1_397' title='bbox 1330 2756 1547 2889; x_wconf 75' lang='lat' dir='ltr'><strong>Aristolaus</strong></span> <span class='ocrx_word' id='word_1_398' title='bbox 1571 2841 1645 2887; x_wconf 91' lang='lat' dir='ltr'><strong>cum</strong></span> <span class='ocrx_word' id='word_1_399' title='bbox 1668 2820 1800 2887; x_wconf 86' lang='lat' dir='ltr'><strong>duobus</strong></span> <span class='ocrx_word' id='word_1_400' title='bbox 1822 2818 1901 2887; x_wconf 86' lang='lat' dir='ltr'><strong>tiliis</strong></span> <span class='ocrx_word' id='word_1_401' title='bbox 1921 2817 2176 2887; x_wconf 56' lang='lat' dir='ltr'><strong>abduciturlloss</strong></span> 
     </span>
     <span class='ocr_line' id='line_1_31' title="bbox 155 2902 2177 3001; baseline 0.001 -30"><span class='ocrx_word' id='word_1_402' title='bbox 155 2902 358 2988; x_wconf 72' lang='lat' dir='ltr'><strong>Ecclesiam,</strong></span> <span class='ocrx_word' id='word_1_403' title='bbox 386 2909 454 2974; x_wconf 90' lang='lat' dir='ltr'><strong>sint</strong></span> <span class='ocrx_word' id='word_1_404' title='bbox 473 2907 626 2993; x_wconf 87' lang='lat' dir='ltr'><strong>homines</strong></span> <span class='ocrx_word' id='word_1_405' title='bbox 648 2905 817 2974; x_wconf 85' lang='lat' dir='ltr'><strong>scelerati.</strong></span> <span class='ocrx_word' id='word_1_406' title='bbox 846 2906 895 2969; x_wconf 76' lang='lat' dir='ltr'><strong>Er</strong></span> <span class='ocrx_word' id='word_1_407' title='bbox 914 2911 957 2971; x_wconf 78' lang='lat' dir='ltr'><strong>m</strong></span> <span class='ocrx_word' id='word_1_408' title='bbox 978 2907 1140 2994; x_wconf 69' lang='lat' dir='ltr'><strong>rclwmcr,</strong></span> <span class='ocrx_word' id='word_1_409' title='bbox 1193 2926 1281 2973; x_wconf 91' lang='lat' dir='ltr'><strong>maru</strong></span> <span class='ocrx_word' id='word_1_410' title='bbox 1300 2908 1465 2994; x_wconf 86' lang='lat' dir='ltr'><strong>captivus.</strong></span> <span class='ocrx_word' id='word_1_411' title='bbox 1508 2905 1581 2975; x_wconf 86' lang='lat' dir='ltr'><strong>Filii</strong></span> <span class='ocrx_word' id='word_1_412' title='bbox 1596 2934 1600 2939; x_wconf 95' lang='lat'>·</span> <span class='ocrx_word' id='word_1_413' title='bbox 1613 2907 1747 2973; x_wconf 78' lang='lat' dir='ltr'><strong>modam</strong></span> <span class='ocrx_word' id='word_1_414' title='bbox 1779 2906 2034 2976; x_wconf 79' lang='lat' dir='ltr'><strong>interficiuntur.</strong></span> <span class='ocrx_word' id='word_1_415' title='bbox 2079 2904 2177 3001; x_wconf 75' lang='lat' dir='ltr'><strong>Uuap</strong></span> 
     </span>
     <span class='ocr_line' id='line_1_32' title="bbox 58 2989 2307 3083; baseline 0 -23"><span class='ocrx_word' id='word_1_416' title='bbox 58 2996 65 3006; x_wconf 89' lang='lat'>&#39;</span> <span class='ocrx_word' id='word_1_417' title='bbox 181 2995 292 3060; x_wconf 83' lang='lat' dir='ltr'><strong>eundo</strong></span> <span class='ocrx_word' id='word_1_418' title='bbox 319 2996 428 3062; x_wconf 85' lang='lat' dir='ltr'><strong>saneti</strong></span> <span class='ocrx_word' id='word_1_419' title='bbox 454 2995 608 3062; x_wconf 88' lang='lat' dir='ltr'><strong>homiues</strong></span> <span class='ocrx_word' id='word_1_420' title='bbox 640 2995 687 3059; x_wconf 86' lang='lat' dir='ltr'><strong>lu&#39;</strong></span> <span class='ocrx_word' id='word_1_421' title='bbox 705 2996 853 3081; x_wconf 81' lang='lat' dir='ltr'><strong>speciem</strong></span> <span class='ocrx_word' id='word_1_422' title='bbox 893 3004 1142 3083; x_wconf 69' lang='lat' dir='ltr'><strong>persequuntur</strong></span> <span class='ocrx_word' id='word_1_423' title='bbox 1193 3013 1236 3059; x_wconf 90' lang='lat' dir='ltr'><strong>ex</strong></span> <span class='ocrx_word' id='word_1_424' title='bbox 1268 2992 1322 3059; x_wconf 85' lang='lat' dir='ltr'><strong>his</strong></span> <span class='ocrx_word' id='word_1_425' title='bbox 1343 2991 1555 3071; x_wconf 81' lang='lat' dir='ltr'><strong>Alexander,</strong></span> <span class='ocrx_word' id='word_1_426' title='bbox 1588 3004 1739 3079; x_wconf 83' lang='lat' dir='ltr'><strong>tempore</strong></span> <span class='ocrx_word' id='word_1_427' title='bbox 1771 2990 1851 3059; x_wconf 88' lang='lat' dir='ltr'><strong>helii</strong></span> <span class='ocrx_word' id='word_1_428' title='bbox 1868 2994 1965 3060; x_wconf 85' lang='lat' dir='ltr'><strong>inter</strong></span> <span class='ocrx_word' id='word_1_429' title='bbox 1993 2989 2110 3061; x_wconf 90' lang='lat' dir='ltr'><strong>lulium</strong></span> <span class='ocrx_word' id='word_1_430' title='bbox 2140 3002 2177 3061; x_wconf 83' lang='lat' dir='ltr'><strong>at</strong></span> <span class='ocrx_word' id='word_1_431' title='bbox 2304 3002 2307 3009; x_wconf 81' lang='grc'>’</span> 
     </span>
     <span class='ocr_line' id='line_1_33' title="bbox 155 3014 2176 3169; baseline 0 -21"><span class='ocrx_word' id='word_1_432' title='bbox 155 3014 364 3162; x_wconf 59' lang='lat' dir='ltr'><strong>lla-eclesiam,¹</strong></span> <span class='ocrx_word' id='word_1_433' title='bbox 389 3082 477 3169; x_wconf 88' lang='lat' dir='ltr'><strong>quod</strong></span> <span class='ocrx_word' id='word_1_434' title='bbox 500 3085 599 3150; x_wconf 87' lang='lat' dir='ltr'><strong>etiam</strong></span> <span class='ocrx_word' id='word_1_435' title='bbox 621 3082 685 3159; x_wconf 85' lang='lat' dir='ltr'><strong>slt;&#39;</strong></span> <span class='ocrx_word' id='word_1_436' title='bbox 700 3083 763 3148; x_wconf 88' lang='lat' dir='ltr'><strong>sed</strong></span> <span class='ocrx_word' id='word_1_437' title='bbox 785 3102 860 3147; x_wconf 88' lang='lat' dir='ltr'><strong>eum</strong></span> <span class='ocrx_word' id='word_1_438' title='bbox 883 3082 989 3166; x_wconf 88' lang='lat' dir='ltr'><strong>impii,</strong></span> <span class='ocrx_word' id='word_1_439' title='bbox 1011 3092 1045 3146; x_wconf 85' lang='lat' dir='ltr'><strong>et</strong></span> <span class='ocrx_word' id='word_1_440' title='bbox 1066 3099 1141 3145; x_wconf 86' lang='lat' dir='ltr'><strong>see·</strong></span> <span class='ocrx_word' id='word_1_441' title='bbox 1193 3080 1387 3164; x_wconf 85' lang='lat' dir='ltr'><strong>Pompeium</strong></span> <span class='ocrx_word' id='word_1_442' title='bbox 1409 3081 1508 3167; x_wconf 80' lang='lat' dir='ltr'><strong>gesti,</strong></span> <span class='ocrx_word' id='word_1_443' title='bbox 1532 3080 1741 3166; x_wconf 86' lang='lat' dir='ltr'><strong>aSeipiooe,</strong></span> <span class='ocrx_word' id='word_1_444' title='bbox 1764 3077 1912 3167; x_wconf 82' lang='lat' dir='ltr'><strong>Pompeii</strong></span> <span class='ocrx_word' id='word_1_445' title='bbox 1935 3098 2077 3161; x_wconf 83' lang='lat' dir='ltr'><strong>socero,</strong></span> <span class='ocrx_word' id='word_1_446' title='bbox 2108 3078 2176 3149; x_wconf 77' lang='lat' dir='ltr'><strong>Ao</strong></span> 
     </span>
    </p>
   </div>
   <div class='ocr_carea' id='block_1_3' title="bbox 295 867 1080 952">
    <p class='ocr_par' dir='ltr' id='par_1_3' title="bbox 295 867 1080 952">
     <span class='ocr_line' id='line_1_34' title="bbox 295 867 1080 952; baseline 0.005 -21"><span class='ocrx_word' id='word_1_447' title='bbox 295 869 454 952; x_wconf 71' lang='lat' dir='ltr'><strong>Quicquid</strong></span> <span class='ocrx_word' id='word_1_448' title='bbox 475 868 613 931; x_wconf 82' lang='lat' dir='ltr'><strong>delirent</strong></span> <span class='ocrx_word' id='word_1_449' title='bbox 633 890 733 951; x_wconf 76' lang='lat' dir='ltr'><strong>repes,</strong></span> <span class='ocrx_word' id='word_1_450' title='bbox 755 867 936 949; x_wconf 75' lang='lat' dir='ltr'><strong>plectuntur</strong></span> <span class='ocrx_word' id='word_1_451' title='bbox 957 868 1080 935; x_wconf 79' lang='lat' dir='ltr'><strong>Achivi.</strong></span> 
     </span>
    </p>
   </div>
   <div class='ocr_carea' id='block_1_4' title="bbox 156 3160 2172 3317">
    <p class='ocr_par' dir='ltr' id='par_1_4' title="bbox 156 3160 2172 3317">
     <span class='ocr_line' id='line_1_35' title="bbox 156 3160 2172 3317; baseline -0.001 -85"><span class='ocrx_word' id='word_1_452' title='bbox 156 3164 257 3234; x_wconf 79' lang='lat' dir='ltr'><strong>lereti</strong></span> <span class='ocrx_word' id='word_1_453' title='bbox 277 3160 344 3234; x_wconf 88' lang='lat' dir='ltr'><strong>hoc</strong></span> <span class='ocrx_word' id='word_1_454' title='bbox 362 3166 500 3250; x_wconf 83' lang='lat' dir='ltr'><strong>iaciunt,</strong></span> <span class='ocrx_word' id='word_1_455' title='bbox 522 3165 700 3235; x_wconf 86' lang='lat' dir='ltr'><strong>rnuniieste</strong></span> <span class='ocrx_word' id='word_1_456' title='bbox 729 3168 936 3315; x_wconf 88' lang='lat' dir='ltr'><strong>conspicitur</strong></span> <span class='ocrx_word' id='word_1_457' title='bbox 962 3165 1142 3234; x_wconf 83' lang='lat' dir='ltr'><strong>Ecclesiae</strong></span> <span class='ocrx_word' id='word_1_458' title='bbox 1192 3165 1336 3232; x_wconf 90' lang='lat' dir='ltr'><strong>tioehiae</strong></span> <span class='ocrx_word' id='word_1_459' title='bbox 1369 3168 1479 3232; x_wconf 88' lang='lat' dir='ltr'><strong>securi</strong></span> <span class='ocrx_word' id='word_1_460' title='bbox 1512 3187 1698 3317; x_wconf 86' lang='lat' dir='ltr'><strong>percussus</strong></span> <span class='ocrx_word' id='word_1_461' title='bbox 1732 3176 1798 3230; x_wconf 87' lang='lat' dir='ltr'><strong>est.</strong></span> <span class='ocrx_word' id='word_1_462' title='bbox 1853 3160 1950 3232; x_wconf 80' lang='lat' dir='ltr'><strong>Alt&#39;er</strong></span> <span class='ocrx_word' id='word_1_463' title='bbox 1984 3165 2172 3251; x_wconf 81' lang='lat' dir='ltr'><strong>Antigonus</strong></span> 
     </span>
    </p>
   </div>
   <div class='ocr_carea' id='block_1_5' title="bbox 67 3251 2240 5242">
    <p class='ocr_par' dir='ltr' id='par_1_5' title="bbox 67 3251 2240 5242">
     <span class='ocr_line' id='line_1_36' title="bbox 157 3251 2240 3341; baseline 0 -24"><span class='ocrx_word' id='word_1_464' title='bbox 157 3253 366 3319; x_wconf 83' lang='lat' dir='ltr'><strong>innocentia:</strong></span> <span class='ocrx_word' id='word_1_465' title='bbox 398 3257 485 3320; x_wconf 87' lang='lat' dir='ltr'><strong>sicut</strong></span> <span class='ocrx_word' id='word_1_466' title='bbox 511 3257 610 3321; x_wconf 91' lang='lat' dir='ltr'><strong>etiam</strong></span> <span class='ocrx_word' id='word_1_467' title='bbox 638 3256 773 3341; x_wconf 87' lang='lat' dir='ltr'><strong>quaudo</strong></span> <span class='ocrx_word' id='word_1_468' title='bbox 802 3252 850 3318; x_wconf 93' lang='lat' dir='ltr'><strong>ili</strong></span> <span class='ocrx_word' id='word_1_469' title='bbox 885 3256 993 3320; x_wconf 89' lang='lat' dir='ltr'><strong>sancti</strong></span> <span class='ocrx_word' id='word_1_470' title='bbox 1021 3255 1140 3319; x_wconf 88' lang='lat' dir='ltr'><strong>admit·</strong></span> <span class='ocrx_word' id='word_1_471' title='bbox 1191 3256 1234 3319; x_wconf 88' lang='lat' dir='ltr'><strong>ab</strong></span> <span class='ocrx_word' id='word_1_472' title='bbox 1258 3254 1406 3319; x_wconf 90' lang='lat' dir='ltr'><strong>Antonio</strong></span> <span class='ocrx_word' id='word_1_473' title='bbox 1428 3256 1592 3340; x_wconf 89' lang='lat' dir='ltr'><strong>suppicio</strong></span> <span class='ocrx_word' id='word_1_474' title='bbox 1627 3251 1762 3339; x_wconf 85' lang='lat' dir='ltr'><strong>capitali</strong></span> <span class='ocrx_word' id='word_1_475' title='bbox 1784 3251 1925 3319; x_wconf 78' lang='lat' dir='ltr'><strong>all&#39;ectus</strong></span> <span class='ocrx_word' id='word_1_476' title='bbox 1948 3262 2012 3317; x_wconf 89' lang='lat' dir='ltr'><strong>est.</strong></span> <span class='ocrx_word' id='word_1_477' title='bbox 2057 3252 2175 3317; x_wconf 84' lang='lat' dir='ltr'><strong>liirca·</strong></span> <span class='ocrx_word' id='word_1_478' title='bbox 2234 3264 2240 3275; x_wconf 88' lang='grc'><em>“</em></span> 
     </span>
     <span class='ocr_line' id='line_1_37' title="bbox 157 3337 2174 3427; baseline -0.001 -24"><span class='ocrx_word' id='word_1_479' title='bbox 157 3349 232 3403; x_wconf 90' lang='lat' dir='ltr'><strong>tunt</strong></span> <span class='ocrx_word' id='word_1_480' title='bbox 252 3337 372 3406; x_wconf 88' lang='lat' dir='ltr'><strong>similia</strong></span> <span class='ocrx_word' id='word_1_481' title='bbox 401 3340 652 3421; x_wconf 88' lang='lat' dir='ltr'><strong>sceleratorum,</strong></span> <span class='ocrx_word' id='word_1_482' title='bbox 687 3340 853 3427; x_wconf 78' lang='lat' dir='ltr'><strong>detegitur</strong></span> <span class='ocrx_word' id='word_1_483' title='bbox 885 3360 1003 3408; x_wconf 88' lang='lat' dir='ltr'><strong>eornm</strong></span> <span class='ocrx_word' id='word_1_484' title='bbox 1035 3340 1138 3426; x_wconf 89' lang='lat' dir='ltr'><strong>hypo·</strong></span> <span class='ocrx_word' id='word_1_485' title='bbox 1191 3358 1256 3404; x_wconf 89' lang='lat' dir='ltr'><strong>nus</strong></span> <span class='ocrx_word' id='word_1_486' title='bbox 1279 3360 1384 3405; x_wconf 85' lang='lat' dir='ltr'><strong>senex</strong></span> <span class='ocrx_word' id='word_1_487' title='bbox 1406 3342 1568 3424; x_wconf 88' lang='lat' dir='ltr'><strong>praecisis</strong></span> <span class='ocrx_word' id='word_1_488' title='bbox 1589 3341 1726 3406; x_wconf 86' lang='lat' dir='ltr'><strong>auribus</strong></span> <span class='ocrx_word' id='word_1_489' title='bbox 1745 3350 1856 3427; x_wconf 67' lang='lat' dir='ltr'><strong>&#39;antea</strong></span> <span class='ocrx_word' id='word_1_490' title='bbox 1878 3338 1922 3403; x_wconf 81' lang='lat' dir='ltr'><strong>alr</strong></span> <span class='ocrx_word' id='word_1_491' title='bbox 1944 3339 2117 3425; x_wconf 80' lang='lat' dir='ltr'><strong>Antigono</strong></span> <span class='ocrx_word' id='word_1_492' title='bbox 2142 3338 2174 3402; x_wconf 90' lang='lat' dir='ltr'><strong>in</strong></span> 
     </span>
     <span class='ocr_line' id='line_1_38' title="bbox 158 3421 2175 3504; baseline -0.001 -14"><span class='ocrx_word' id='word_1_493' title='bbox 158 3424 267 3503; x_wconf 74' lang='lat' dir='ltr'><strong>crisis,</strong></span> <span class='ocrx_word' id='word_1_494' title='bbox 456 3464 459 3471; x_wconf 90' lang='lat'>·</span> <span class='ocrx_word' id='word_1_495' title='bbox 514 3486 517 3491; x_wconf 86' lang='lat'>.</span> <span class='ocrx_word' id='word_1_496' title='bbox 1192 3422 1360 3490; x_wconf 80' lang='lat' dir='ltr'><strong>Parthiam</strong></span> <span class='ocrx_word' id='word_1_497' title='bbox 1382 3426 1583 3504; x_wconf 86' lang='lat' dir='ltr'><strong>missus,ah</strong></span> <span class='ocrx_word' id='word_1_498' title='bbox 1606 3425 1739 3490; x_wconf 84' lang='lat' dir='ltr'><strong>Herode</strong></span> <span class='ocrx_word' id='word_1_499' title='bbox 1762 3421 2031 3490; x_wconf 75' lang='lat' dir='ltr'><strong>interfectricem</strong></span> <span class='ocrx_word' id='word_1_500' title='bbox 2059 3434 2175 3489; x_wconf 89' lang='lat' dir='ltr'><strong>octua-</strong></span> 
     </span>
     <span class='ocr_line' id='line_1_39' title="bbox 241 3505 2173 3595; baseline -0.002 -21"><span class='ocrx_word' id='word_1_501' title='bbox 241 3510 301 3575; x_wconf 77' lang='lat' dir='ltr'><strong>Iclr</strong></span> <span class='ocrx_word' id='word_1_502' title='bbox 333 3510 428 3590; x_wconf 77' lang='lat' dir='ltr'><strong>holte,</strong></span> <span class='ocrx_word' id='word_1_503' title='bbox 462 3513 568 3575; x_wconf 73' lang='lat' dir='ltr'><strong>diem</strong></span> <span class='ocrx_word' id='word_1_504' title='bbox 601 3510 788 3595; x_wconf 81' lang='lat' dir='ltr'><strong>Antiochus</strong></span> <span class='ocrx_word' id='word_1_505' title='bbox 821 3531 877 3595; x_wconf 69' lang='lat' dir='ltr'><strong>sep</strong></span> <span class='ocrx_word' id='word_1_506' title='bbox 908 3511 967 3573; x_wconf 79' lang='lat' dir='ltr'><strong>dar</strong></span> <span class='ocrx_word' id='word_1_507' title='bbox 998 3512 1138 3573; x_wconf 72' lang='lat' dir='ltr'><strong>sermm</strong></span> <span class='ocrx_word' id='word_1_508' title='bbox 1161 3507 1169 3578; x_wconf 91' lang='lat' dir='ltr'><strong>l</strong></span> <span class='ocrx_word' id='word_1_509' title='bbox 1191 3511 1359 3594; x_wconf 70' lang='lat' dir='ltr'><strong>geramus.</strong></span> <span class='ocrx_word' id='word_1_510' title='bbox 1403 3508 1493 3576; x_wconf 88' lang='lat' dir='ltr'><strong>Nihil</strong></span> <span class='ocrx_word' id='word_1_511' title='bbox 1514 3522 1593 3579; x_wconf 87' lang='lat' dir='ltr'><strong>sunt</strong></span> <span class='ocrx_word' id='word_1_512' title='bbox 1615 3506 1729 3576; x_wconf 75' lang='lat' dir='ltr'><strong>restra</strong></span> <span class='ocrx_word' id='word_1_513' title='bbox 1751 3509 1884 3590; x_wconf 86' lang='lat' dir='ltr'><strong>studia,</strong></span> <span class='ocrx_word' id='word_1_514' title='bbox 1918 3511 1947 3575; x_wconf 89' lang='lat' dir='ltr'><strong>si</strong></span> <span class='ocrx_word' id='word_1_515' title='bbox 1971 3529 2040 3576; x_wconf 88' lang='lat' dir='ltr'><strong>non</strong></span> <span class='ocrx_word' id='word_1_516' title='bbox 2062 3505 2173 3595; x_wconf 73' lang='lat' dir='ltr'><strong>legitis</strong></span> 
     </span>
     <span class='ocr_line' id='line_1_40' title="bbox 156 3594 2147 3684; baseline -0.001 -21"><span class='ocrx_word' id='word_1_517' title='bbox 156 3594 259 3663; x_wconf 77' lang='lat' dir='ltr'><strong>leclter</strong></span> <span class='ocrx_word' id='word_1_518' title='bbox 280 3601 367 3662; x_wconf 82' lang='lat' dir='ltr'><strong>einer</strong></span> <span class='ocrx_word' id='word_1_519' title='bbox 393 3609 518 3684; x_wconf 72' lang='lat' dir='ltr'><strong>preest,</strong></span> <span class='ocrx_word' id='word_1_520' title='bbox 547 3598 601 3679; x_wconf 71' lang='lat' dir='ltr'><strong>dtr</strong></span> <span class='ocrx_word' id='word_1_521' title='bbox 627 3598 698 3679; x_wconf 69' lang='lat' dir='ltr'><strong>cerff</strong></span> <span class='ocrx_word' id='word_1_522' title='bbox 719 3598 778 3660; x_wconf 80' lang='lat' dir='ltr'><strong>der</strong></span> <span class='ocrx_word' id='word_1_523' title='bbox 804 3599 881 3664; x_wconf 82' lang='lat' dir='ltr'><strong>crde</strong></span> <span class='ocrx_word' id='word_1_524' title='bbox 900 3596 1002 3681; x_wconf 69' lang='lat' dir='ltr'><strong>petest</strong></span> <span class='ocrx_word' id='word_1_525' title='bbox 1025 3596 1135 3659; x_wconf 75' lang='lat' dir='ltr'><strong>natm.</strong></span> <span class='ocrx_word' id='word_1_526' title='bbox 1189 3597 1357 3663; x_wconf 73' lang='lat' dir='ltr'><strong>historias.</strong></span> <span class='ocrx_word' id='word_1_527' title='bbox 2003 3628 2016 3647; x_wconf 89' lang='lat'><strong>··</strong></span> <span class='ocrx_word' id='word_1_528' title='bbox 2144 3624 2147 3631; x_wconf 93' lang='lat'>·</span> 
     </span>
     <span class='ocr_line' id='line_1_41' title="bbox 155 3680 2173 3772; baseline -0.002 -22"><span class='ocrx_word' id='word_1_529' title='bbox 155 3683 233 3750; x_wconf 86' lang='lat' dir='ltr'><strong>Non</strong></span> <span class='ocrx_word' id='word_1_530' title='bbox 254 3683 315 3753; x_wconf 85' lang='lat' dir='ltr'><strong>suit</strong></span> <span class='ocrx_word' id='word_1_531' title='bbox 336 3687 444 3752; x_wconf 87' lang='lat' dir='ltr'><strong>minus</strong></span> <span class='ocrx_word' id='word_1_532' title='bbox 466 3706 608 3765; x_wconf 86' lang='lat' dir='ltr'><strong>saevus,</strong></span> <span class='ocrx_word' id='word_1_533' title='bbox 638 3705 737 3772; x_wconf 88' lang='lat' dir='ltr'><strong>quam</strong></span> <span class='ocrx_word' id='word_1_534' title='bbox 758 3681 861 3765; x_wconf 88' lang='lat' dir='ltr'><strong>Nero,</strong></span> <span class='ocrx_word' id='word_1_535' title='bbox 890 3685 953 3767; x_wconf 81' lang='lat' dir='ltr'><strong>sed</strong></span> <span class='ocrx_word' id='word_1_536' title='bbox 974 3682 1035 3749; x_wconf 85' lang='lat' dir='ltr'><strong>suit</strong></span> <span class='ocrx_word' id='word_1_537' title='bbox 1057 3685 1137 3750; x_wconf 87' lang='lat' dir='ltr'><strong>asti·</strong></span> <span class='ocrx_word' id='word_1_538' title='bbox 1274 3681 1443 3749; x_wconf 79' lang='lat' dir='ltr'><strong>Historiae</strong></span> <span class='ocrx_word' id='word_1_539' title='bbox 1464 3680 1549 3748; x_wconf 84' lang='lat' dir='ltr'><strong>tales</strong></span> <span class='ocrx_word' id='word_1_540' title='bbox 1569 3685 1692 3750; x_wconf 88' lang='lat' dir='ltr'><strong>debent</strong></span> <span class='ocrx_word' id='word_1_541' title='bbox 1718 3703 1781 3750; x_wconf 87' lang='lat' dir='ltr'><strong>vos</strong></span> <span class='ocrx_word' id='word_1_542' title='bbox 1816 3680 2107 3749; x_wconf 78' lang='lat' dir='ltr'><strong>commonefacere</strong></span> <span class='ocrx_word' id='word_1_543' title='bbox 2129 3680 2173 3747; x_wconf 87' lang='lat' dir='ltr'><strong>‹le</strong></span> 
     </span>
     <span class='ocr_line' id='line_1_42' title="bbox 155 3766 2172 3860; baseline -0.002 -24"><span class='ocrx_word' id='word_1_544' title='bbox 155 3771 282 3839; x_wconf 88' lang='lat' dir='ltr'><strong>tieret</strong></span> <span class='ocrx_word' id='word_1_545' title='bbox 312 3769 694 3860; x_wconf 82' lang='lat' dir='ltr'><strong>magisAlcihiadueus.</strong></span> <span class='ocrx_word' id='word_1_546' title='bbox 745 3769 887 3850; x_wconf 85' lang='lat' dir='ltr'><strong>Romae,</strong></span> <span class='ocrx_word' id='word_1_547' title='bbox 919 3772 1052 3858; x_wconf 86' lang='lat' dir='ltr'><strong>quande</strong></span> <span class='ocrx_word' id='word_1_548' title='bbox 1075 3769 1136 3836; x_wconf 88' lang='lat' dir='ltr'><strong>fult</strong></span> <span class='ocrx_word' id='word_1_549' title='bbox 1189 3766 1448 3835; x_wconf 77' lang='lat' dir='ltr'><strong>voluntateliei.</strong></span> <span class='ocrx_word' id='word_1_550' title='bbox 1493 3768 1584 3837; x_wconf 90' lang='lat' dir='ltr'><strong>luter</strong></span> <span class='ocrx_word' id='word_1_551' title='bbox 1604 3767 1683 3837; x_wconf 83' lang='lat' dir='ltr'><strong>illas</strong></span> <span class='ocrx_word' id='word_1_552' title='bbox 1705 3781 1815 3837; x_wconf 87' lang='lat' dir='ltr'><strong>tantas</strong></span> <span class='ocrx_word' id='word_1_553' title='bbox 1832 3766 2063 3849; x_wconf 78' lang='lat' dir='ltr'><strong>confusiones,</strong></span> <span class='ocrx_word' id='word_1_554' title='bbox 2075 3766 2172 3833; x_wconf 81' lang='lat' dir='ltr'><strong>Deus</strong></span> 
     </span>
     <span class='ocr_line' id='line_1_43' title="bbox 155 3852 2174 3947; baseline -0.002 -23"><span class='ocrx_word' id='word_1_555' title='bbox 155 3858 271 3938; x_wconf 85' lang='lat' dir='ltr'><strong>obses,</strong></span> <span class='ocrx_word' id='word_1_556' title='bbox 299 3860 369 3925; x_wconf 91' lang='lat' dir='ltr'><strong>ihat</strong></span> <span class='ocrx_word' id='word_1_557' title='bbox 388 3860 422 3924; x_wconf 91' lang='lat' dir='ltr'><strong>iu</strong></span> <span class='ocrx_word' id='word_1_558' title='bbox 443 3857 578 3947; x_wconf 86' lang='lat' dir='ltr'><strong>plateis,</strong></span> <span class='ocrx_word' id='word_1_559' title='bbox 612 3860 697 3924; x_wconf 89' lang='lat' dir='ltr'><strong>dens</strong></span> <span class='ocrx_word' id='word_1_560' title='bbox 720 3853 861 3944; x_wconf 79' lang='lat' dir='ltr'><strong>singulis</strong></span> <span class='ocrx_word' id='word_1_561' title='bbox 883 3859 1068 3944; x_wconf 78' lang='lat' dir='ltr'><strong>pecuniam,</strong></span> <span class='ocrx_word' id='word_1_562' title='bbox 1103 3867 1137 3922; x_wconf 91' lang='lat' dir='ltr'><strong>et</strong></span> <span class='ocrx_word' id='word_1_563' title='bbox 1188 3867 1298 3921; x_wconf 87' lang='lat' dir='ltr'><strong>tamen</strong></span> <span class='ocrx_word' id='word_1_564' title='bbox 1320 3853 1641 3923; x_wconf 76' lang='lat' dir='ltr'><strong>servatlieclesiam</strong></span> <span class='ocrx_word' id='word_1_565' title='bbox 1664 3855 1868 3937; x_wconf 82' lang='lat' dir='ltr'><strong>mirabiliter,</strong></span> <span class='ocrx_word' id='word_1_566' title='bbox 1886 3856 1977 3943; x_wconf 86' lang='lat' dir='ltr'><strong>quod</strong></span> <span class='ocrx_word' id='word_1_567' title='bbox 1998 3866 2052 3920; x_wconf 86' lang='lat' dir='ltr'><strong>est</strong></span> <span class='ocrx_word' id='word_1_568' title='bbox 2074 3852 2174 3921; x_wconf 84' lang='lat' dir='ltr'><strong>nohis</strong></span> 
     </span>
     <span class='ocr_line' id='line_1_44' title="bbox 178 3940 2173 4033; baseline -0.002 -23"><span class='ocrx_word' id='word_1_569' title='bbox 178 3954 274 4011; x_wconf 89' lang='lat' dir='ltr'><strong>etcns</strong></span> <span class='ocrx_word' id='word_1_570' title='bbox 296 3946 526 4033; x_wconf 72' lang='lat' dir='ltr'><strong>magistratum</strong></span> <span class='ocrx_word' id='word_1_571' title='bbox 554 3946 619 4011; x_wconf 84' lang='lat' dir='ltr'><strong>sihi</strong></span> <span class='ocrx_word' id='word_1_572' title='bbox 649 3945 874 4012; x_wconf 88' lang='lat' dir='ltr'><strong>commendari</strong></span> <span class='ocrx_word' id='word_1_573' title='bbox 902 3944 1013 4010; x_wconf 86' lang='lat' dir='ltr'><strong>adhuc</strong></span> <span class='ocrx_word' id='word_1_574' title='bbox 1039 3963 1133 4030; x_wconf 87' lang='lat' dir='ltr'><strong>puer.</strong></span> <span class='ocrx_word' id='word_1_575' title='bbox 1188 3962 1331 4028; x_wconf 75' lang='lat' dir='ltr'><strong>maguae</strong></span> <span class='ocrx_word' id='word_1_576' title='bbox 1353 3943 1611 4009; x_wconf 85' lang='lat' dir='ltr'><strong>considerationi</strong></span> <span class='ocrx_word' id='word_1_577' title='bbox 1644 3946 1731 4009; x_wconf 86' lang='lat' dir='ltr'><strong>inter</strong></span> <span class='ocrx_word' id='word_1_578' title='bbox 1753 3946 1950 4030; x_wconf 78' lang='lat' dir='ltr'><strong>praesentes</strong></span> <span class='ocrx_word' id='word_1_579' title='bbox 1973 3940 2072 4007; x_wconf 86' lang='lat' dir='ltr'><strong>etiam</strong></span> <span class='ocrx_word' id='word_1_580' title='bbox 2095 3958 2173 4007; x_wconf 80' lang='lat' dir='ltr'><strong>com</strong></span> 
     </span>
     <span class='ocr_line' id='line_1_45' title="bbox 257 4026 2173 4118; baseline -0.002 -23"><span class='ocrx_word' id='word_1_581' title='bbox 257 4032 283 4097; x_wconf 85' lang='lat' dir='ltr'><strong>it</strong></span> <span class='ocrx_word' id='word_1_582' title='bbox 299 4028 458 4118; x_wconf 90' lang='lat' dir='ltr'><strong>populum</strong></span> <span class='ocrx_word' id='word_1_583' title='bbox 479 4031 678 4112; x_wconf 79' lang='lat' dir='ltr'><strong>Romanum,</strong></span> <span class='ocrx_word' id='word_1_584' title='bbox 701 4052 776 4097; x_wconf 90' lang='lat' dir='ltr'><strong>cum</strong></span> <span class='ocrx_word' id='word_1_585' title='bbox 798 4028 939 4097; x_wconf 87' lang='lat' dir='ltr'><strong>vidisset</strong></span> <span class='ocrx_word' id='word_1_586' title='bbox 950 4032 1023 4096; x_wconf 86' lang='lat' dir='ltr'><strong>dari</strong></span> <span class='ocrx_word' id='word_1_587' title='bbox 1035 4032 1135 4117; x_wconf 78' lang='lat' dir='ltr'><strong>magi·</strong></span> <span class='ocrx_word' id='word_1_588' title='bbox 1186 4027 1354 4096; x_wconf 80' lang='lat' dir='ltr'><strong>lusionest</strong></span> <span class='ocrx_word' id='word_1_589' title='bbox 1377 4029 1455 4114; x_wconf 82' lang='lat' dir='ltr'><strong>quie</strong></span> <span class='ocrx_word' id='word_1_590' title='bbox 1476 4026 1555 4095; x_wconf 88' lang='lat' dir='ltr'><strong>illue</strong></span> <span class='ocrx_word' id='word_1_591' title='bbox 1577 4031 1739 4115; x_wconf 78' lang='lat' dir='ltr'><strong>imagines</strong></span> <span class='ocrx_word' id='word_1_592' title='bbox 1771 4031 1805 4097; x_wconf 91' lang='lat' dir='ltr'><strong>iu</strong></span> <span class='ocrx_word' id='word_1_593' title='bbox 1831 4029 1899 4095; x_wconf 90' lang='lat' dir='ltr'><strong>lsto</strong></span> <span class='ocrx_word' id='word_1_594' title='bbox 1944 4028 2047 4114; x_wconf 91' lang='lat' dir='ltr'><strong>opulo</strong></span> <span class='ocrx_word' id='word_1_595' title='bbox 2063 4026 2173 4114; x_wconf 72' lang='lat' dir='ltr'><strong>&#39;sigul-</strong></span> 
     </span>
     <span class='ocr_line' id='line_1_46' title="bbox 153 4052 2172 4224; baseline -0.002 -40"><span class='ocrx_word' id='word_1_596' title='bbox 153 4120 269 4184; x_wconf 87' lang='lat' dir='ltr'><strong>stratis</strong></span> <span class='ocrx_word' id='word_1_597' title='bbox 291 4139 313 4223; x_wconf 77' lang='lat' dir='ltr'><strong>a</strong></span> <span class='ocrx_word' id='word_1_598' title='bbox 336 4119 680 4223; x_wconf 68' lang='lat' dir='ltr'><strong>corruptispecuoim</strong></span> <span class='ocrx_word' id='word_1_599' title='bbox 710 4117 766 4224; x_wconf 73' lang='lat' dir='ltr'><strong>dot</strong></span> <span class='ocrx_word' id='word_1_600' title='bbox 793 4116 856 4179; x_wconf 79' lang='lat' dir='ltr'><strong>ciel</strong></span> <span class='ocrx_word' id='word_1_601' title='bbox 877 4114 1135 4222; x_wconf 66' lang='lat' dir='ltr'><strong>reltmmerpoe</strong></span> <span class='ocrx_word' id='word_1_602' title='bbox 1188 4115 1289 4220; x_wconf 72' lang='lat' dir='ltr'><strong>heaut</strong></span> <span class='ocrx_word' id='word_1_603' title='bbox 1310 4135 1452 4203; x_wconf 78' lang='lat' dir='ltr'><strong>magnas</strong></span> <span class='ocrx_word' id='word_1_604' title='bbox 1474 4116 1557 4181; x_wconf 88' lang='lat' dir='ltr'><strong>dissi</strong></span> <span class='ocrx_word' id='word_1_605' title='bbox 1580 4117 1709 4182; x_wconf 80' lang='lat' dir='ltr'><strong>stiones</strong></span> <span class='ocrx_word' id='word_1_606' title='bbox 1727 4118 1888 4222; x_wconf 71' lang='lat' dir='ltr'><strong>postruui</strong></span> <span class='ocrx_word' id='word_1_607' title='bbox 1920 4052 2018 4182; x_wconf 76' lang='lat' dir='ltr'><strong>lluim</strong></span> <span class='ocrx_word' id='word_1_608' title='bbox 2047 4125 2172 4198; x_wconf 87' lang='lat' dir='ltr'><strong>tempo·</strong></span> 
     </span>
     <span class='ocr_line' id='line_1_47' title="bbox 67 4201 2173 4377; baseline 0 -25"><span class='ocrx_word' id='word_1_609' title='bbox 67 4316 70 4321; x_wconf 89' lang='lat'>-</span> <span class='ocrx_word' id='word_1_610' title='bbox 153 4218 728 4369; x_wconf 61' lang='lat' dir='ltr'><strong>tttttttstttttttf⁶tl¹ttt</strong></span> <span class='ocrx_word' id='word_1_611' title='bbox 748 4203 1136 4377; x_wconf 57' lang='lat' dir='ltr'><strong>lagiiliffil’diil]</strong></span> <span class='ocrx_word' id='word_1_612' title='bbox 1187 4221 1245 4267; x_wconf 70' lang='lat'><strong>‘¹⁵‘</strong></span> <span class='ocrx_word' id='word_1_613' title='bbox 1274 4202 1439 4355; x_wconf 56' lang='lat' dir='ltr'><strong>cliiii?</strong></span> <span class='ocrx_word' id='word_1_614' title='bbox 1452 4201 1923 4376; x_wconf 64' lang='lat' dir='ltr'><strong>iiltqt‘idlii‘li&#39;mtm</strong></span> <span class='ocrx_word' id='word_1_615' title='bbox 1947 4291 2039 4353; x_wconf 62' lang='lat' dir='ltr'><strong>vett</strong></span> <span class='ocrx_word' id='word_1_616' title='bbox 2056 4287 2173 4352; x_wconf 59' lang='lat' dir='ltr'><strong>ntes</strong></span> 
     </span>
     <span class='ocr_line' id='line_1_48' title="bbox 155 4371 2174 4465; baseline -0.003 -25"><span class='ocrx_word' id='word_1_617' title='bbox 155 4389 242 4461; x_wconf 85' lang='lat' dir='ltr'><strong>quae</strong></span> <span class='ocrx_word' id='word_1_618' title='bbox 265 4379 439 4463; x_wconf 85' lang='lat' dir='ltr'><strong>oportebat</strong></span> <span class='ocrx_word' id='word_1_619' title='bbox 461 4374 615 4465; x_wconf 72' lang='lat' dir='ltr'><strong>singulos</strong></span> <span class='ocrx_word' id='word_1_620' title='bbox 637 4376 889 4453; x_wconf 69' lang='lat' dir='ltr'><strong>exhaurircaet</strong></span> <span class='ocrx_word' id='word_1_621' title='bbox 910 4376 968 4456; x_wconf 88' lang='lat' dir='ltr'><strong>iis,</strong></span> <span class='ocrx_word' id='word_1_622' title='bbox 991 4377 1048 4463; x_wconf 87' lang='lat' dir='ltr'><strong>qui</strong></span> <span class='ocrx_word' id='word_1_623' title='bbox 1069 4375 1135 4441; x_wconf 90' lang='lat' dir='ltr'><strong>chi·</strong></span> <span class='ocrx_word' id='word_1_624' title='bbox 1187 4371 1362 4462; x_wconf 80' lang='lat' dir='ltr'><strong>solymam,</strong></span> <span class='ocrx_word' id='word_1_625' title='bbox 1383 4377 1429 4441; x_wconf 81' lang='lat' dir='ltr'><strong>ist</strong></span> <span class='ocrx_word' id='word_1_626' title='bbox 1446 4395 1487 4435; x_wconf 85' lang='lat' dir='ltr'><strong>ou</strong></span> <span class='ocrx_word' id='word_1_627' title='bbox 1509 4376 1581 4437; x_wconf 80' lang='lat' dir='ltr'><strong>deor</strong></span> <span class='ocrx_word' id='word_1_628' title='bbox 1602 4382 1653 4439; x_wconf 81' lang='lat' dir='ltr'><strong>ort</strong></span> <span class='ocrx_word' id='word_1_629' title='bbox 1673 4394 1835 4457; x_wconf 79' lang='lat' dir='ltr'><strong>peueren,</strong></span> <span class='ocrx_word' id='word_1_630' title='bbox 1864 4376 1909 4465; x_wconf 76' lang='lat' dir='ltr'><strong>do</strong></span> <span class='ocrx_word' id='word_1_631' title='bbox 1929 4373 2097 4453; x_wconf 36' lang='lat' dir='ltr'><strong>‚lohannes</strong></span> <span class='ocrx_word' id='word_1_632' title='bbox 2118 4386 2174 4453; x_wconf 75' lang='lat' dir='ltr'><strong>pe-</strong></span> 
     </span>
     <span class='ocr_line' id='line_1_49' title="bbox 154 4458 2175 4549; baseline -0.001 -25"><span class='ocrx_word' id='word_1_633' title='bbox 154 4460 290 4541; x_wconf 84' lang='lat' dir='ltr'><strong>hebant,</strong></span> <span class='ocrx_word' id='word_1_634' title='bbox 312 4476 431 4549; x_wconf 87' lang='lat' dir='ltr'><strong>postea</strong></span> <span class='ocrx_word' id='word_1_635' title='bbox 453 4462 601 4528; x_wconf 90' lang='lat' dir='ltr'><strong>donabat</strong></span> <span class='ocrx_word' id='word_1_636' title='bbox 623 4459 754 4546; x_wconf 87' lang='lat' dir='ltr'><strong>pocula.</strong></span> <span class='ocrx_word' id='word_1_637' title='bbox 787 4462 956 4528; x_wconf 86' lang='lat' dir='ltr'><strong>interdum</strong></span> <span class='ocrx_word' id='word_1_638' title='bbox 979 4460 1134 4528; x_wconf 87' lang='lat' dir='ltr'><strong>voluitse</strong></span> <span class='ocrx_word' id='word_1_639' title='bbox 1187 4460 1285 4544; x_wconf 79' lang='lat' dir='ltr'><strong>taafft</strong></span> <span class='ocrx_word' id='word_1_640' title='bbox 1307 4460 1385 4541; x_wconf 80' lang='lat' dir='ltr'><strong>iot,</strong></span> <span class='ocrx_word' id='word_1_641' title='bbox 1416 4462 1505 4527; x_wconf 80' lang='lat' dir='ltr'><strong>utclrt</strong></span> <span class='ocrx_word' id='word_1_642' title='bbox 1525 4461 1598 4546; x_wconf 79' lang='lat' dir='ltr'><strong>ruff</strong></span> <span class='ocrx_word' id='word_1_643' title='bbox 1612 4462 1678 4524; x_wconf 57' lang='lat' dir='ltr'><strong>&gt;alic</strong></span> <span class='ocrx_word' id='word_1_644' title='bbox 1698 4466 1779 4535; x_wconf 79' lang='lat' dir='ltr'><strong>zctt,</strong></span> <span class='ocrx_word' id='word_1_645' title='bbox 1812 4461 1857 4523; x_wconf 80' lang='lat' dir='ltr'><strong>do</strong></span> <span class='ocrx_word' id='word_1_646' title='bbox 1885 4460 2052 4527; x_wconf 87' lang='lat' dir='ltr'><strong>lohannes</strong></span> <span class='ocrx_word' id='word_1_647' title='bbox 2069 4458 2175 4541; x_wconf 69' lang='lat' dir='ltr'><strong>patret</strong></span> 
     </span>
     <span class='ocr_line' id='line_1_50' title="bbox 154 4542 2173 4635; baseline -0 -24"><span class='ocrx_word' id='word_1_648' title='bbox 154 4542 269 4611; x_wconf 79' lang='lat' dir='ltr'><strong>inferri</strong></span> <span class='ocrx_word' id='word_1_649' title='bbox 289 4551 411 4616; x_wconf 87' lang='lat' dir='ltr'><strong>nudum</strong></span> <span class='ocrx_word' id='word_1_650' title='bbox 433 4550 476 4616; x_wconf 86' lang='lat' dir='ltr'><strong>ud</strong></span> <span class='ocrx_word' id='word_1_651' title='bbox 499 4550 663 4621; x_wconf 74' lang='lat' dir='ltr'><strong>contricio,</strong></span> <span class='ocrx_word' id='word_1_652' title='bbox 685 4549 731 4615; x_wconf 91' lang='lat' dir='ltr'><strong>ihi</strong></span> <span class='ocrx_word' id='word_1_653' title='bbox 753 4547 906 4616; x_wconf 83' lang='lat' dir='ltr'><strong>saltavitt</strong></span> <span class='ocrx_word' id='word_1_654' title='bbox 922 4548 980 4611; x_wconf 74' lang='lat' dir='ltr'><strong>aar</strong></span> <span class='ocrx_word' id='word_1_655' title='bbox 1000 4546 1064 4610; x_wconf 74' lang='lat' dir='ltr'><strong>oie!</strong></span> <span class='ocrx_word' id='word_1_656' title='bbox 1080 4568 1134 4610; x_wconf 79' lang='lat' dir='ltr'><strong>arr·</strong></span> <span class='ocrx_word' id='word_1_657' title='bbox 1186 4546 1535 4619; x_wconf 68' lang='lat' dir='ltr'><strong>hatreoutlernetacou</strong></span> <span class='ocrx_word' id='word_1_658' title='bbox 1557 4548 1732 4632; x_wconf 70' lang='lat' dir='ltr'><strong>accepisic</strong></span> <span class='ocrx_word' id='word_1_659' title='bbox 1765 4548 1929 4620; x_wconf 75' lang='lat' dir='ltr'><strong>deerrarit,</strong></span> <span class='ocrx_word' id='word_1_660' title='bbox 1963 4559 2042 4635; x_wconf 87' lang='lat' dir='ltr'><strong>post</strong></span> <span class='ocrx_word' id='word_1_661' title='bbox 2075 4549 2173 4612; x_wconf 90' lang='lat' dir='ltr'><strong>inter·</strong></span> 
     </span>
     <span class='ocr_line' id='line_1_51' title="bbox 153 4630 2173 4722; baseline 0.001 -28"><span class='ocrx_word' id='word_1_662' title='bbox 153 4632 244 4694; x_wconf 78' lang='lat' dir='ltr'><strong>acolt</strong></span> <span class='ocrx_word' id='word_1_663' title='bbox 265 4634 330 4696; x_wconf 83' lang='lat' dir='ltr'><strong>arud</strong></span> <span class='ocrx_word' id='word_1_664' title='bbox 350 4636 534 4700; x_wconf 76' lang='lat' dir='ltr'><strong>mathwillm</strong></span> <span class='ocrx_word' id='word_1_665' title='bbox 551 4636 719 4718; x_wconf 77' lang='lat' dir='ltr'><strong>pctriedcn.</strong></span> <span class='ocrx_word' id='word_1_666' title='bbox 764 4635 880 4698; x_wconf 81' lang='lat' dir='ltr'><strong>Darou</strong></span> <span class='ocrx_word' id='word_1_667' title='bbox 900 4633 957 4698; x_wconf 76' lang='lat' dir='ltr'><strong>irat</strong></span> <span class='ocrx_word' id='word_1_668' title='bbox 985 4654 1057 4697; x_wconf 78' lang='lat' dir='ltr'><strong>raca</strong></span> <span class='ocrx_word' id='word_1_669' title='bbox 1080 4634 1143 4697; x_wconf 81' lang='lat' dir='ltr'><strong>ilua·</strong></span> <span class='ocrx_word' id='word_1_670' title='bbox 1186 4630 1511 4701; x_wconf 80' lang='lat' dir='ltr'><strong>iectumlohannem·</strong></span> <span class='ocrx_word' id='word_1_671' title='bbox 1556 4634 1719 4722; x_wconf 80' lang='lat' dir='ltr'><strong>Loquitur</strong></span> <span class='ocrx_word' id='word_1_672' title='bbox 1729 4648 1840 4701; x_wconf 85' lang='lat' dir='ltr'><strong>textus</strong></span> <span class='ocrx_word' id='word_1_673' title='bbox 1862 4646 1989 4701; x_wconf 80' lang='lat' dir='ltr'><strong>tanturn</strong></span> <span class='ocrx_word' id='word_1_674' title='bbox 2012 4634 2055 4698; x_wconf 86' lang='lat' dir='ltr'><strong>de</strong></span> <span class='ocrx_word' id='word_1_675' title='bbox 2078 4630 2173 4715; x_wconf 78' lang='lat' dir='ltr'><strong>loctt3</strong></span> 
     </span>
     <span class='ocr_line' id='line_1_52' title="bbox 152 4719 2174 4810; baseline 0 -30"><span class='ocrx_word' id='word_1_676' title='bbox 152 4724 267 4801; x_wconf 75' lang='lat' dir='ltr'><strong>potent</strong></span> <span class='ocrx_word' id='word_1_677' title='bbox 287 4741 349 4807; x_wconf 92' lang='lat' dir='ltr'><strong>pro</strong></span> <span class='ocrx_word' id='word_1_678' title='bbox 369 4720 551 4808; x_wconf 83' lang='lat' dir='ltr'><strong>Epiphaue‚</strong></span> <span class='ocrx_word' id='word_1_679' title='bbox 574 4721 769 4804; x_wconf 81' lang='lat' dir='ltr'><strong>Epimouem,</strong></span> <span class='ocrx_word' id='word_1_680' title='bbox 791 4719 955 4788; x_wconf 83' lang='lat' dir='ltr'><strong>allusione</strong></span> <span class='ocrx_word' id='word_1_681' title='bbox 977 4723 1132 4810; x_wconf 87' lang='lat' dir='ltr'><strong>quadam.</strong></span> <span class='ocrx_word' id='word_1_682' title='bbox 1186 4720 1270 4784; x_wconf 79' lang='lat' dir='ltr'><strong>dena</strong></span> <span class='ocrx_word' id='word_1_683' title='bbox 1291 4740 1325 4784; x_wconf 83' lang='lat' dir='ltr'><strong>er</strong></span> <span class='ocrx_word' id='word_1_684' title='bbox 1345 4725 1390 4784; x_wconf 79' lang='lat' dir='ltr'><strong>tu</strong></span> <span class='ocrx_word' id='word_1_685' title='bbox 1409 4720 1566 4805; x_wconf 74' lang='lat' dir='ltr'><strong>pernicies</strong></span> <span class='ocrx_word' id='word_1_686' title='bbox 1588 4726 1700 4785; x_wconf 77' lang='lat' dir='ltr'><strong>tenerit</strong></span> <span class='ocrx_word' id='word_1_687' title='bbox 1720 4722 1779 4785; x_wconf 78' lang='lat' dir='ltr'><strong>der</strong></span> <span class='ocrx_word' id='word_1_688' title='bbox 1799 4721 1938 4784; x_wconf 73' lang='lat' dir='ltr'><strong>Iordane</strong></span> <span class='ocrx_word' id='word_1_689' title='bbox 1948 4768 1960 4799; x_wconf 91' lang='lat'><strong>,</strong></span> <span class='ocrx_word' id='word_1_690' title='bbox 1996 4723 2054 4784; x_wconf 81' lang='lat' dir='ltr'><strong>soie</strong></span> <span class='ocrx_word' id='word_1_691' title='bbox 2084 4719 2174 4781; x_wconf 72' lang='lat' dir='ltr'><strong>cmo</strong></span> 
     </span>
     <span class='ocr_line' id='line_1_53' title="bbox 151 4804 2174 4890; baseline 0.001 -24"><span class='ocrx_word' id='word_1_692' title='bbox 151 4804 273 4867; x_wconf 70' lang='lat' dir='ltr'><strong>Dicaea</strong></span> <span class='ocrx_word' id='word_1_693' title='bbox 294 4805 373 4869; x_wconf 81' lang='lat' dir='ltr'><strong>oller</strong></span> <span class='ocrx_word' id='word_1_694' title='bbox 402 4808 543 4873; x_wconf 78' lang='lat' dir='ltr'><strong>borcrtcu</strong></span> <span class='ocrx_word' id='word_1_695' title='bbox 563 4807 722 4872; x_wconf 76' lang='lat' dir='ltr'><strong>oretrrclreo</strong></span> <span class='ocrx_word' id='word_1_696' title='bbox 747 4808 806 4871; x_wconf 78' lang='lat' dir='ltr'><strong>lert</strong></span> <span class='ocrx_word' id='word_1_697' title='bbox 828 4807 907 4871; x_wconf 87' lang='lat' dir='ltr'><strong>Gott</strong></span> <span class='ocrx_word' id='word_1_698' title='bbox 928 4811 995 4872; x_wconf 82' lang='lat' dir='ltr'><strong>retu</strong></span> <span class='ocrx_word' id='word_1_699' title='bbox 1015 4805 1132 4875; x_wconf 88' lang='lat' dir='ltr'><strong>Eccle·</strong></span> <span class='ocrx_word' id='word_1_700' title='bbox 1185 4811 1229 4871; x_wconf 76' lang='lat' dir='ltr'><strong>tet</strong></span> <span class='ocrx_word' id='word_1_701' title='bbox 1262 4810 1297 4874; x_wconf 89' lang='lat' dir='ltr'><strong>in</strong></span> <span class='ocrx_word' id='word_1_702' title='bbox 1328 4805 1469 4875; x_wconf 81' lang='lat' dir='ltr'><strong>historia</strong></span> <span class='ocrx_word' id='word_1_703' title='bbox 1501 4807 1633 4874; x_wconf 78' lang='lat' dir='ltr'><strong>Lazari.</strong></span> <span class='ocrx_word' id='word_1_704' title='bbox 1677 4809 1732 4871; x_wconf 84' lang='lat' dir='ltr'><strong>Do</strong></span> <span class='ocrx_word' id='word_1_705' title='bbox 1755 4816 1828 4890; x_wconf 68' lang='lat' dir='ltr'><strong>:opt</strong></span> <span class='ocrx_word' id='word_1_706' title='bbox 1850 4807 2026 4874; x_wconf 78' lang='lat' dir='ltr'><strong>Christust</strong></span> <span class='ocrx_word' id='word_1_707' title='bbox 2058 4805 2174 4871; x_wconf 80' lang='lat' dir='ltr'><strong>Nonae</strong></span> 
     </span>
     <span class='ocr_line' id='line_1_54' title="bbox 152 4892 2174 4959; baseline -0.001 -1"><span class='ocrx_word' id='word_1_708' title='bbox 152 4892 238 4959; x_wconf 69' lang='lat' dir='ltr'><strong>maur</strong></span> <span class='ocrx_word' id='word_1_709' title='bbox 259 4893 450 4958; x_wconf 70' lang='lat' dir='ltr'><strong>cononicis-u.</strong></span> <span class='ocrx_word' id='word_1_710' title='bbox 1078 4938 1082 4945; x_wconf 88' lang='lat'>-</span> <span class='ocrx_word' id='word_1_711' title='bbox 1185 4901 1257 4958; x_wconf 71' lang='lat' dir='ltr'><strong>emt</strong></span> <span class='ocrx_word' id='word_1_712' title='bbox 1289 4893 1455 4957; x_wconf 59' lang='lat' dir='ltr'><strong>&amp;odeum</strong></span> <span class='ocrx_word' id='word_1_713' title='bbox 1487 4896 1554 4958; x_wconf 78' lang='lat' dir='ltr'><strong>clici</strong></span> <span class='ocrx_word' id='word_1_714' title='bbox 1586 4894 1706 4959; x_wconf 71' lang='lat' dir='ltr'><strong>dorae?</strong></span> <span class='ocrx_word' id='word_1_715' title='bbox 1750 4894 1808 4958; x_wconf 74' lang='lat'><strong>101·</strong></span> <span class='ocrx_word' id='word_1_716' title='bbox 1840 4895 1901 4957; x_wconf 81' lang='lat' dir='ltr'><strong>lad</strong></span> <span class='ocrx_word' id='word_1_717' title='bbox 1922 4892 2003 4956; x_wconf 80' lang='lat' dir='ltr'><strong>noch</strong></span> <span class='ocrx_word' id='word_1_718' title='bbox 2019 4896 2090 4956; x_wconf 76' lang='lat' dir='ltr'><strong>cina</strong></span> <span class='ocrx_word' id='word_1_719' title='bbox 2111 4895 2174 4955; x_wconf 73' lang='lat' dir='ltr'><strong>scit</strong></span> 
     </span>
     <span class='ocr_line' id='line_1_55' title="bbox 240 4977 2172 5071; baseline -0.007 -28"><span class='ocrx_word' id='word_1_720' title='bbox 240 4977 316 5045; x_wconf 79' lang='lat' dir='ltr'><strong>Fuit</strong></span> <span class='ocrx_word' id='word_1_721' title='bbox 335 4977 422 5048; x_wconf 56' lang='lat' dir='ltr'><strong>liaeo</strong></span> <span class='ocrx_word' id='word_1_722' title='bbox 442 4983 633 5067; x_wconf 63' lang='lat' dir='ltr'><strong>peifflfflilo</strong></span> <span class='ocrx_word' id='word_1_723' title='bbox 650 4983 714 5048; x_wconf 84' lang='lat' dir='ltr'><strong>suh</strong></span> <span class='ocrx_word' id='word_1_724' title='bbox 725 4978 895 5048; x_wconf 88' lang='lat' dir='ltr'><strong>Antiocho</strong></span> <span class='ocrx_word' id='word_1_725' title='bbox 906 4979 1006 5048; x_wconf 73' lang='lat' dir='ltr'><strong>Vfllde</strong></span> <span class='ocrx_word' id='word_1_726' title='bbox 1017 5002 1131 5047; x_wconf 65' lang='lat' dir='ltr'><strong>saeva.</strong></span> <span class='ocrx_word' id='word_1_727' title='bbox 1184 5003 1221 5045; x_wconf 68' lang='lat'><strong>28</strong></span> <span class='ocrx_word' id='word_1_728' title='bbox 1242 4980 1346 5052; x_wconf 69' lang='lat' dir='ltr'><strong>loten,</strong></span> <span class='ocrx_word' id='word_1_729' title='bbox 1366 4980 1493 5050; x_wconf 65' lang='lat' dir='ltr'><strong>*habeo</strong></span> <span class='ocrx_word' id='word_1_730' title='bbox 1526 4993 1655 5050; x_wconf 73' lang='lat' dir='ltr'><strong>certum</strong></span> <span class='ocrx_word' id='word_1_731' title='bbox 1684 4994 1818 5071; x_wconf 66' lang='lat' dir='ltr'><strong>tempus</strong></span> <span class='ocrx_word' id='word_1_732' title='bbox 1841 4981 2057 5048; x_wconf 66' lang='lat' dir='ltr'><strong>constitutum</strong></span> <span class='ocrx_word' id='word_1_733' title='bbox 2080 4978 2172 5046; x_wconf 72' lang='lat' dir='ltr'><strong>mini.</strong></span> 
     </span>
     <span class='ocr_line' id='line_1_56' title="bbox 150 5061 1299 5147; baseline 0.004 -18"><span class='ocrx_word' id='word_1_734' title='bbox 150 5061 319 5133; x_wconf 84' lang='lat' dir='ltr'><strong>interiecti</strong></span> <span class='ocrx_word' id='word_1_735' title='bbox 340 5079 421 5134; x_wconf 80' lang='lat' dir='ltr'><strong>sunt</strong></span> <span class='ocrx_word' id='word_1_736' title='bbox 440 5070 474 5135; x_wconf 91' lang='lat' dir='ltr'><strong>in</strong></span> <span class='ocrx_word' id='word_1_737' title='bbox 495 5089 537 5136; x_wconf 86' lang='lat' dir='ltr'><strong>ea</strong></span> <span class='ocrx_word' id='word_1_738' title='bbox 553 5066 648 5135; x_wconf 89' lang='lat' dir='ltr'><strong>multi</strong></span> <span class='ocrx_word' id='word_1_739' title='bbox 668 5069 778 5135; x_wconf 85' lang='lat' dir='ltr'><strong>saneti</strong></span> <span class='ocrx_word' id='word_1_740' title='bbox 800 5067 974 5147; x_wconf 86' lang='lat' dir='ltr'><strong>homines,</strong></span> <span class='ocrx_word' id='word_1_741' title='bbox 1007 5067 1134 5134; x_wconf 87' lang='lat' dir='ltr'><strong>multae</strong></span> <span class='ocrx_word' id='word_1_742' title='bbox 1184 5071 1299 5137; x_wconf 88' lang='lat' dir='ltr'><strong>sterio.</strong></span> 
     </span>
     <span class='ocr_line' id='line_1_57' title="bbox 148 5151 1134 5242; baseline 0.001 -23"><span class='ocrx_word' id='word_1_743' title='bbox 148 5151 386 5221; x_wconf 80' lang='lat' dir='ltr'><strong>sanctissimae</strong></span> <span class='ocrx_word' id='word_1_744' title='bbox 427 5165 622 5238; x_wconf 86' lang='lat' dir='ltr'><strong>matronae,</strong></span> <span class='ocrx_word' id='word_1_745' title='bbox 665 5151 799 5242; x_wconf 81' lang='lat' dir='ltr'><strong>pachae</strong></span> <span class='ocrx_word' id='word_1_746' title='bbox 831 5163 1068 5239; x_wconf 84' lang='lat' dir='ltr'><strong>constupratae</strong></span> <span class='ocrx_word' id='word_1_747' title='bbox 1100 5163 1134 5220; x_wconf 89' lang='lat' dir='ltr'><strong>et</strong></span> 
     </span>
    </p>
   </div>
   <div class='ocr_carea' id='block_1_6' title="bbox 0 0 2314 5588">
    <p class='ocr_par' dir='ltr' id='par_1_6' title="bbox 0 0 2314 5588">
     <span class='ocr_line' id='line_1_58' title="bbox 0 0 2314 5588; baseline 0 1"><span class='ocrx_word' id='word_1_748' title='bbox 0 0 2314 5588; x_wconf 95' lang='lat' dir='ltr'><strong> </strong></span> 
     </span>
    </p>
   </div>
  </div>
 </body>
</html>
