4620 5588
164 200 263 283 mo
805 192 919 259 rurs.
941 190 1047 259 usu
1069 189 1261 259 starem
1282 190 1546 273 mamitos.
1921 210 1925 219 =
2001 231 2008 242 ·
2113 191 2187 263 tero

171 405 306 465 oortct
336 407 413 455 esse
444 385 670 451 ministerium.
731 383 874 449 Fuerunt
907 380 1037 467 pulcbrl
1068 382 1150 467 typi.
1202 377 1294 447 illata
1331 383 1648 462 considerationem,
1690 396 1832 467 possunt
1871 385 2037 469 cogitare,
2083 398 2185 468 quem

165 415 396 549 lllaEcrlesia
413 474 590 559 tegebatur
601 491 663 557 pro
678 471 845 548 ritiatoriu,
867 473 900 534 id
918 490 956 534 es
1004 467 1150 534 Christo.
1175 528 1179 538 ,
1201 464 1308 533 tristis
1328 469 1462 551 species
1483 469 1538 532 sit.

170 565 264 633 Deus
288 566 385 628 adest
406 556 590 625 Ecclesiae.
641 550 665 622 ti
728 558 838 622 urania
867 558 978 621 obruit
999 554 1081 621 illud
1103 551 1180 640 te!
1289 553 1357 619 lam
1391 565 1542 619 nostrum
1572 567 1702 640 tempus
1740 555 1841 620 babet
1879 552 2052 621 horribilia
2083 555 2183 625 mus.

166 664 257 721 trum
279 643 413 713 idolum.
456 649 509 713 oa
528 647 634 711 stede!
651 646 712 709 der
732 649 883 728 wiltettyre
903 640 1068 731 Caligula,
1090 647 1153 709 der
1204 637 1266 704 cat
1298 652 1351 705 est
1383 637 1513 706 simile‘l
1557 639 1600 704 Gi
1646 641 1866 708 ntomschise.
1909 641 2052 722 Videtis,
2080 663 2185 728 quan·

170 744 323 822 andeliae
356 732 469 797 (isius.
531 728 574 795 Et
605 729 830 816 significatum
863 741 915 795 est
946 730 1020 796 sore
1052 729 1152 793 linem
1203 738 1273 792 tum
1305 728 1351 791 sit
1383 739 1567 793 sectarum:
1628 729 1776 810 epistae,
1810 729 2072 814 Ansbaptistee,
2106 728 2185 794 Ser·

170 821 259 893 illius
281 816 427 905 politiae.
471 820 561 885 naor
587 814 722 880 Nerone
744 823 790 882 tet
810 814 1042 900 Vespasianus
1064 819 1152 881 dom-
1203 813 1319 889 veticit
1341 825 1374 876 et
1396 833 1495 898 quam
1517 811 1642 879 multae
1663 829 1741 879 sunt
1771 812 1989 880 confusiones
2015 815 2099 880 inter
2119 813 2185 881 Lu·

166 929 243 981 men
263 898 332 975 aad
351 902 461 973 litus,
494 905 556 969 der
583 906 640 969 tat
671 922 709 968 es
737 905 929 985 percdkiffl.
984 906 1031 968 tta
1062 897 1153 965 iacta
1175 892 1181 937 ¹
1204 896 1391 964 tlremuosi·
1417 909 1572 984 quantum
1608 912 1661 962 est
1682 900 1910 978 dissidiorum,
1944 922 2013 967 non
2040 911 2107 966 tarn
2141 919 2185 965 ex

170 1008 225 1065 est
246 994 400 1060 vastatio.
446 989 598 1077 Cogitate
621 989 720 1055 tinem
741 989 837 1053 istius
860 985 992 1073 populi,
1020 1001 1052 1052 et
1074 1007 1151 1071 poe·
1204 982 1407 1062 infirmitate3
1443 1005 1540 1070 quam
1570 1005 1611 1049 ex
1634 984 1771 1051 malitia!
1814 986 1875 1050 Est
1897 985 2020 1052 bellum
2041 984 2186 1053 Coum

154 1090 249 1151 'nam
281 1082 459 1167 ingentem,
491 1082 553 1143 rote
584 1077 646 1141 der
662 1084 734 1143 teet
761 1085 852 1157 root:
883 1078 955 1142 Non
980 1080 1048 1158 titt!
1079 1074 1153 1140 totis
1206 1091 1318 1135 rorum
1341 1084 1373 1135 et
1396 1070 1620 1156 Lapitharum.
1672 1072 1835 1158 Aegaeon
1858 1070 2074 1139 centimanus
2099 1081 2190 1157 treyt

171 1162 350 1237 catamitos.
396 1165 491 1230 Sicut
520 1162 622 1227 credo
650 1157 774 1226 nullam
799 1173 930 1247 gentem
960 1157 1153 1225 horribilius
1176 1160 1181 1232 l
1204 1159 1259 1224 die
1280 1160 1377 1238 derye
1396 1177 1591 1238 mammen,
1612 1155 1685 1224 uult
1703 1171 1860 1224 excutere
1878 1158 1990 1224 lovem
2011 1180 2053 1224 ex
2076 1156 2185 1225 coelo.

174 1250 315 1323 tieletum
336 1271 413 1317 csse
435 1270 534 1337 qaam
555 1245 658 1313 illam.
702 1244 744 1311 Et
766 1243 853 1312 iilius
883 1248 1040 1331 temporis
1063 1244 1153 1312 cala·
1176 1238 1182 1334 l
1207 1243 1297 1322 item,
1327 1242 1483 1331 lugentur
1504 1240 1559 1308 Dii
1589 1247 1622 1309 in
1644 1245 1846 1332 Aegyptum.
1901 1245 2018 1313 Verius
2046 1246 2187 1310 vertitu·

172 1334 271 1409 auitas
293 1353 345 1402 cst
368 1351 466 1423 typus
490 1331 594 1402 ultimi
615 1335 774 1420 temporis
796 1335 921 1399 mundi.
1176 1331 1240 1459 liu
1261 1331 1399 1414 piscem,
1432 1333 1476 1395 tia
1496 1335 1590 1482 tert?
1620 1335 1673 1398 tbr
1692 1335 1754 1398 der
1773 1330 1956 1418 Typhoeus
1978 1336 2070 1399 norb
2111 1329 2187 1395 Pan

260 1427 359 1492 Sedet
378 1444 421 1489 un
438 1421 625 1489 Ecclesiam
647 1422 709 1485 sub
734 1421 836 1504 Papa,
865 1431 933 1484 stat
953 1419 1155 1483 abominatio
1178 1487 1181 1499 ¹
1205 1418 1346 1482 asseruit
1369 1428 1519 1481 naturam
1570 1418 1757 1501 apricorni,
1790 1430 1825 1482 et
1847 1429 1949 1484 terret
1971 1415 2073 1496 illum,
2104 1419 2189 1483 duee

172 1514 206 1581 in
228 1510 305 1577 loco
328 1513 459 1587 sancto,
476 1520 554 1574 sunt
571 1504 676 1572 multe
691 1504 796 1574 idola:
820 1510 877 1573 lar
891 1507 995 1571 baadi
1011 1525 1047 1570 es
1068 1507 1157 1573 nicdt
1177 1507 1183 1592 ξ
1206 1523 1244 1570 er
1264 1506 1386 1568 auaris
1406 1507 1516 1585 ioum
1549 1501 1664 1569 Venus
1686 1500 1786 1569 insilit
1816 1505 1850 1568 in
1871 1525 1973 1583 nrare,
2004 1516 2188 1590 propterca

174 1606 342 1671 rowissen
367 1592 784 1683 psaltrices-immensas
800 1593 842 1656 ed
866 1589 966 1657 idola.
995 1590 1068 1678 Ego
1083 1592 1156 1676 ipse
1178 1598 1183 1657 f
1207 1589 1432 1673 Capricornus
1456 1587 1655 1654 transfertur
1677 1591 1709 1654 ia
1735 1588 1876 1669 coelum,
1894 1591 1928 1654 id
1950 1603 2013 1669 est,
2035 1603 2087 1655 est
2108 1590 2188 1655 lror·

173 1685 284 1755 adhuc
296 1649 513 1760 colrorresco,
532 1679 667 1766 quando
678 1680 792 1767 cogito
804 1680 846 1741 de
857 1682 1003 1762 peccatis
1020 1679 1156 1759 nostris,
1176 1660 1183 1705 ³
1207 1673 1311 1739 sibilis
1335 1687 1367 1738 ct
1390 1677 1493 1741 tristis
1516 1673 1679 1779 conlusio.
1745 1681 1809 1783 [Vir
1823 1680 1942 1783 ,seber
1965 1675 2069 1783 (auen
2089 1687 2189 1743 auter

174 1763 1160 1925 titiittt‘dltlbtiriiltiaitittd‘tttit
1207 1764 1717 1935 itltiitittt‘btittf‘
1734 1765 1891 1935 bittit
1911 1762 2189 1916 dilituit

175 1944 436 2025 aorbmspetcr
452 1947 525 2006 cirre
541 1935 707 2018 columna,
730 1940 837 2004 daron
856 1945 903 2005 tat
918 1942 991 2003 eine
1002 1937 1158 2005 Mariam
1181 2014 1185 2025 ὓ
1207 1934 1373 2009 ficiuntur3
1406 1947 1438 2000 et
1469 1945 1549 2000 suut
1568 1936 1655 2000 iuter
1687 1949 1843 2015 nostros,
1873 1936 1927 2002 dte
1957 1939 2121 2040 semetra,
2149 1956 2190 2002 es

169 2030 819 2190 dtttdtdsf‘t‘tsdtbttittt
833 2025 1046 2176 ebitis
1061 2045 1157 2178 titt
1206 2024 1745 2193 idmidtdbtttitt,
1765 2022 2191 2174 destitistis&

174 2209 304 2285 reptrru3
335 2198 393 2265 illa
428 2217 546 2264 rursus
569 2199 665 2263 dixitr
699 2199 794 2263 Sotae
825 2201 1027 2264 Beatam.
1071 2196 1154 2263 Cum
1207 2204 1318 2261 sutem
1336 2197 1418 2258 satis
1441 2213 1630 2281 agnoscere
1653 2197 1801 2275 morbos,
1824 2205 1955 2280 oportet
1970 2193 2190 2262 etiamrcme·

173 2284 337 2355 intellexit
356 2282 535 2351 Diabolum
571 2281 662 2370 loqui
686 2296 737 2348 est
760 2295 882 2362 statue,
918 2284 1014 2350 dixltr
1047 2287 1156 2350 Mrdte·
1207 2281 1262 2347 dia
1283 2300 1502 2368 cognoscere.
1605 2289 1611 2301 '

47 2418 52 2429 ·
174 2395 242 2440 rem
263 2379 350 2456 toqui
365 2379 400 2438 in
428 2373 573 2437 Ecclesia
597 2368 759 2454 probtdeo.
811 2369 885 2455 Ego
914 2372 986 2454 ipse
1014 2371 1080 2436 vidi
1103 2366 1155 2434 ui·

173 2459 210 2524 τό
268 2486 288 2523 α
322 2459 354 2525 id
376 2470 427 2523 est
463 2468 592 2522 statuas
613 2453 764 2521 mobiles.
803 2454 878 2520 Non
901 2454 1034 2523 suerunt
1079 2448 1183 2521 lane²
1520 2515 1529 2533 ,
1676 2515 1684 2531 ,
1822 2515 1830 2531 ,
1926 2518 1944 2545 n

174 2485 339 2627 αὖιμὲιτιιᾶα,
360 2504 509 2609 κοᾶίιοιι
533 2562 671 2627 possum
700 2538 798 2607 aliter
826 2546 1006 2608 nominare.
1053 2477 1184 2608 lato·
1451 2513 1560 2618 Quld
1590 2515 1706 2598 ssddli
1736 2511 1938 2599 Christus:

173 2643 296 2713 motum
319 2635 405 2698 beist
422 2636 476 2696 ein
501 2636 622 2712 setam,
650 2631 711 2695 der
731 2631 801 2694 rtrb
827 2632 934 2696 retber
959 2632 1087 2703 aeucdt:
1113 2631 1158 2696 du
1181 2634 1184 2639 ’

174 2725 220 2786 tet
238 2726 291 2785 eiu
314 2720 430 2785 Muncd
450 2719 568 2783 bader
588 2718 650 2781 der
671 2727 781 2780 statua
798 2718 991 2797 aerumna,
1013 2718 1082 2782 und
1100 2719 1185 2782 bot¹
1294 2718 1342 2780 Er
1361 2726 1452 2798 rapt:
1486 2719 1558 2783 cru
1588 2723 1674 2784 sicut
1703 2723 1738 2782 in
1758 2719 1867 2783 rtiedur
1887 2716 2011 2785 Nubae.
2034 2731 2098 2784 etc.
2143 2716 2192 2783 Et

81 2852 95 2867 .,
174 2824 211 2872 es
239 2824 394 2888 saepen,
448 2804 559 2868 nando
581 2799 733 2867 bourines
755 2815 917 2868 venerunt
939 2815 970 2868 et
993 2803 1157 2887 petierunt
1181 2878 1183 2882 .
1207 2800 1329 2873 iabou
1351 2813 1460 2868 textu:
1493 2805 1540 2868 Pr
1581 2813 1632 2869 ter
1659 2808 1778 2870 elector
1809 2804 2076 2871 odbeoioduatur
2103 2807 2189 2872 dies.

174 2886 219 2959 ali
245 2890 300 2975 uid
322 2911 343 2954 a
448 2908 489 2968 a,
522 2900 602 2953 tunc
629 2887 795 2953 convertit
827 2887 882 2954 vel
915 2891 1034 2956 avertit
1057 2901 1156 2975 caput
1181 2966 1184 2989 ε
1207 2888 1253 2957 Ει·
1279 2910 1299 2954 o
1322 2890 1384 2953 erit
1406 2887 1517 2975 aliqua
1569 2885 1703 2955 eclesie.
1748 2886 1816 2954 lllis
1837 2892 2034 2991 tristissimis
2055 2902 2189 2977 specta·

175 2978 218 3043 ab
266 2975 441 3039 ominibus.
498 2972 639 3047 Quando
662 2975 793 3053 avertit,
827 2986 907 3041 tuuc
928 2971 976 3039 illi
996 2973 1075 3059 plus
1098 2976 1155 3041 de·
1181 2994 1185 3050 1
1208 2911 1293 3043 culls
1316 2976 1445 3039 debetis
1469 2995 1638 3058 opponere
1659 2973 1834 3043 articulum
1855 2976 1949 3041 brier:
1984 2979 2090 3046 Credo
2111 2997 2189 3045 esee

176 3063 295 3127 derunt
327 3061 509 3144 pecuniae,
542 3061 650 3124 donec
684 3080 722 3123 se
755 3080 873 3124 rursus
908 3062 1090 3134 convertit,
1123 3073 1157 3127 et
1210 3061 1394 3129 &duum
1449 3059 1492 3124 Et
1520 3064 1664 3148 cogitate
1697 3064 1786 3128 dicta
1816 3060 1889 3129 ilia:
1926 3066 1999 3130 Nisi
2029 3069 2190 3131 Dominus

34 3142 41 3151 '
174 3148 252 3213 inde
273 3146 452 3211 iudicatum
476 3156 538 3223 est,
560 3147 650 3229 quod
672 3146 843 3210 exaudiret
866 3144 978 3210 Maria.
1206 3155 1371 3227 emanet
1400 3150 1493 3213 nobb
1520 3168 1630 3215 renen
1649 3159 1807 3217 sanctum.
1861 3152 1907 3216 ds
1927 3155 2012 3217 rtcdt
2030 3153 2110 3218 oder
2131 3151 2190 3218 die

262 3231 368 3296 Etiam
392 3243 508 3296 noster
531 3232 656 3316 bospes
681 3228 869 3296 Demetrius
893 3231 1064 3316 Graecus,
1100 3236 1156 3320 qui
1181 3226 1184 3255 ⁵
1206 3254 1338 3303 mamert
1359 3234 1567 3315 commatici,
1594 3239 1657 3303 dee
1676 3239 1720 3303 do
1747 3241 1833 3304 beist
1848 3232 2010 3303 Ecclesia.
2059 3235 2189 3303 Tamen

198 3316 275 3387 aulo
293 3331 371 3383 ante
392 3319 483 3397 abiit,
511 3315 622 3383 adbuc
651 3319 865 3403 conqueritur
898 3320 940 3385 ds
974 3316 1065 3387 cultu
1086 3321 1156 3385 ido·
1180 3336 1183 3342 ·
1208 3322 1366 3387 debemus
1390 3330 1537 3387 statuere
1558 3318 1746 3389 Ecclesiam
1767 3343 1858 3405 esse
1885 3337 1919 3388 et
1940 3325 2097 3391 debemus
2119 3344 2188 3389 uos

173 3341 281 3472 lorum
304 3406 337 3468 iu
355 3401 498 3470 Graecis
519 3400 693 3471 Ecclesiis.
1180 3405 1378 3492 {includere
1410 3409 1443 3473 iu
1476 3405 1585 3488 illam,
1617 3422 1653 3474 nt
1685 3410 1790 3495 inquit
1813 3407 1982 3476 Psalmus:
2017 3411 2109 3477 Unus
2124 3415 2189 3478 doc

261 3492 422 3556 ,Durnuad
454 3496 499 3558 tet
520 3494 613 3557 need
651 3495 715 3557 rtet
736 3510 947 3574 prousmaer,
985 3491 1155 3559 horribilis
1207 3496 1382 3578 requiram
1427 3493 1524 3560 item:
1553 3499 1658 3574 Beott,
1691 3498 1749 3580 qui
1777 3500 1922 3564 morant
1951 3499 1984 3563 iu
2010 3501 2102 3565 domu
2118 3507 2188 3580 bro,

173 3579 345 3656 adoratio,
378 3587 411 3640 et
444 3578 714 3664 circumgestatto
748 3578 854 3661 panis.
909 3578 946 3643 st
978 3593 1156 3663 possemus
1179 3534 1184 3699 l
1207 3584 1353 3650 Domme.
1399 3580 1493 3646 bem:
1516 3584 1555 3647 Ia
1576 3591 1676 3649 etrite
1695 3585 1760 3650 trct'r
1784 3587 1952 3669 tioredraad
1998 3583 2090 3651 Deus
2113 3604 2188 3650 ser·

173 3674 300 3731 tanturn
313 3659 695 3728 sunderelachrirnarum
712 3661 847 3750 singuli,
868 3676 1026 3750 quantum
1047 3685 1155 3752 aquae
1180 3708 1183 3720 ·
1206 3678 1264 3733 vat
1287 3662 1488 3739 Ecclesiam,
1516 3669 1642 3733 etiamsi
1675 3671 1828 3757 ingentes
1861 3683 1934 3734 sunt
1968 3669 2187 3752 calamitates,

173 3748 278 3817 volan
303 3744 410 3827 Albis,
439 3759 549 3814 tamen
571 3750 764 3834 magnitudo
797 3751 925 3834 peccati
948 3771 1015 3815 nou
1038 3763 1155 3837 posset
1179 3728 1183 3907 ἱ
1206 3773 1274 3819 non
1296 3765 1421 3820 tantum
1444 3754 1478 3818 in
1499 3757 1721 3839 opinionibus,
1755 3758 1815 3822 sed
1848 3758 1943 3823 etiam
1971 3760 2006 3823 in
2026 3759 2186 3825 moribus.

173 3838 259 3903 satis
298 3830 475 3921 deplorari.
542 3826 720 3901 Praeterea
757 3837 925 3920 cogitate:
965 3837 1155 3925 ubicunque
1207 3836 1362 3928 Cogitate
1385 3840 1495 3920 bodie,
1529 3863 1625 3927 quac,
1659 3855 1691 3906 et
1714 3844 1768 3907 ubi
1792 3843 1834 3908 sit
1856 3841 2019 3915 Ecclesia,
2053 3855 2085 3909 et
2107 3867 2186 3911 cum

34 3958 37 3964 ’
116 3904 121 3927 ’
174 3934 252 3989 sunt
274 3918 377 4001 idola,
408 3921 454 3985 ibi
487 3922 583 3986 etiam
613 3933 692 3986 sunt
724 3922 940 3989 confusiones
972 3921 1153 3991 libidinum.
1178 3918 1183 3993 l
1206 3945 1249 3991 ea
1268 3929 1424 3993 invocate
1448 3949 1561 3994 verum
1588 3928 1717 4009 Deum,
1752 3943 1786 3992 ιιι
1819 3943 1929 3995 textus
1959 3932 2076 4018 inquit:
2111 3934 2185 3999 Udi·

27 4090 36 4104 ‘
173 4008 241 4076 Die
262 4013 348 4074 alten
369 4009 476 4073 bobert
496 4009 560 4073 dea
582 4026 715 4073 versum
734 4011 871 4090 petati:
1178 4032 1329 4098 quamue
1350 4016 1413 4101 duo
1446 4021 1505 4081 act
1534 4020 1604 4082 tres
1635 4024 1824 4098 concrepuit
1854 4022 1996 4100 fierint,
2027 4020 2061 4080 ia
2078 4021 2186 4086 medio

308 4130 354 4195 ib
368 4134 508 4214 mmm
528 4146 602 4207 mr
623 4135 659 4195 ω
674 4137 811 4212 ’ΜΨ
830 4140 927 4213 mim
947 4131 1069 4198 him·
1177 4102 1182 4247 l
1205 4118 1437 4252 miminis
1458 4187 1625 4274 quaestio:
1649 4187 1746 4262 Quae
1767 4200 1821 4253 est
1842 4184 2017 4257 Ecclesia?
2050 4187 2108 4255 llle
2130 4203 2185 4258 est

172 4269 226 4335 Da
247 4269 325 4333 sutd
343 4268 397 4333 die
417 4268 634 4351 deprende
655 4271 846 4349 &noctem
883 4271 971 4349 Ora]
1004 4266 1065 4333 Est
1088 4281 1152 4335 sta·
1205 4281 1335 4352 coetus,
1358 4274 1414 4359 qui
1436 4272 1646 4358 amplectitur
1662 4272 1833 4360 Evangelii
1856 4297 1970 4361 puram
1989 4277 2186 4358 doctrimm,
2301 4322 2304 4326 Α

172 4363 227 4421 tus
251 4354 440 4420 docentium
461 4355 495 4419 in
518 4354 701 4419 ministerio
723 4349 974 4421 Ecclesiastico.
1010 4357 1057 4421 iit
1074 4375 1152 4439 pro·
1204 4379 1272 4424 non
1294 4355 1510 4435 defendentes
1521 4357 1612 4424 idola
1631 4362 1854 4445 pertinaciter,
1875 4366 1931 4448 qui
1946 4376 2025 4427 suut
2042 4359 2184 4444 doubs,

172 4446 256 4522 tegre]
278 4439 401 4520 idest,
434 4440 604 4527 principes
635 4451 667 4506 et
699 4434 857 4505 nobilitas
879 4442 1002 4507 debent
1025 4461 1151 4527 regere,
1204 4463 1240 4512 es
1260 4448 1339 4511 stud
1357 4447 1448 4513 nicht
1473 4448 1527 4513 dte
1552 4450 1771 4530 metrauspea
1793 4447 1957 4535 Tyranni,
1989 4448 2185 4531 Centimuai,

171 4525 257 4593 tueri
279 4525 445 4606 iustitiam,
476 4546 605 4612 pacem,
638 4537 672 4591 et
699 4524 917 4612 disciplinam.
973 4530 1080 4610 mque
1106 4533 1153 4597 te·
1226 4531 1260 4596 ui
1293 4531 1455 4596 devorant
1488 4543 1642 4598 sanctos:
1673 4536 1753 4601 ned
1782 4538 1871 4601 turbt
1901 4537 1970 4617 dr’e,
2003 4536 2183 4621 dequibus

171 4610 263 4694 berc]
286 4612 319 4677 id
337 4624 401 4692 est,
424 4610 565 4698 populus
587 4613 687 4679 debet
704 4632 782 4678 esse
800 4613 954 4679 subditus
975 4625 1009 4678 et
1025 4615 1152 4680 servire
1203 4551 1283 4697 licit
1303 4613 1483 4685 Dominus:
1515 4621 1571 4687 Vos
1591 4640 1636 4687 etr
1653 4630 1750 4703 putre
1772 4623 1904 4688 Diodoto
1921 4628 2007 4688 estis.
2047 4624 2093 4689 Er
2108 4607 2187 4688 eisd

170 4717 256 4771 suae
278 4699 463 4774 vocationi3
486 4701 566 4765 ado
587 4701 731 4766 ΙιεηιαοΙι
750 4701 856 4766 boden
876 4702 926 4767 rie
943 4700 1056 4767 deren
1077 4721 1152 4769 uere
1202 4705 1265 4790 dte,
1287 4704 1330 4769 de
1347 4705 1468 4789 quibus
1483 4706 1578 4772 dicit:
1604 4707 1787 4775 Oresrneoe
1804 4711 2183 4776 oocemmrcmoudirmt

170 4787 242 4851 alto
261 4791 391 4856 mutet,
424 4796 463 4850 ut
484 4782 698 4868 deplorarent
719 4782 807 4850 mala
828 4784 979 4870 publiea:
1014 4789 1061 4854 iit
1077 4783 1151 4869 tor·
1203 4791 1313 4874 Sata,
1346 4796 1406 4861 tote
1426 4811 1462 4856 es
1482 4795 1553 4858 dem
1574 4813 1688 4859 onnes
1709 4797 1811 4876 Konta
1838 4801 1872 4860 tn
1900 4797 2184 4862 tramoserica

165 4870 315 4952 ,moeurs
346 4879 382 4936 tu
408 4873 552 4956 proedo:
584 4880 634 4951 (ut
666 4871 753 4937 inter
784 4869 915 4937 nobiles
948 4870 1042 4938 multi
1074 4885 1152 4939 sunt
1201 4896 1337 4959 parmen,
1359 4875 1517 4943 ilenrico.
1566 4876 1651 4945 Cum
1672 4880 1737 4944 iam
1766 4881 1997 4947 constituisset
2024 4900 2184 4948 exeruere

194 4955 373 5030 medones)
409 4965 504 5040 tuorte
525 4958 657 5039 emta,
685 4959 748 5025 tot‘c
770 4977 848 5025 rnen
868 4967 944 5041 sapt
957 4965 1011 5025 eta
1032 4960 1151 5043 bein,
1203 4983 1358 5048 maguam
1381 4964 1603 5050 tyrannidem,
1630 4958 1726 5031 Deus
1747 4964 1881 5032 sustulit
1909 4987 1994 5032 eum.
2038 4967 2182 5034 Oramus

167 4976 315 5129 barris
337 5038 460 5111 belino.
517 5042 601 5110 Mors
621 5047 739 5110 donate
763 5047 897 5111 machera
919 5057 1069 5124 vorator,
1097 5048 1152 5113 erit
1203 5044 1305 5124 filium
1327 5045 1391 5114 Dei
1413 5050 1479 5115 isto
1501 5051 1585 5116 tristi
1608 5064 1773 5135 tempore,
1799 5063 1836 5117 ut
1856 5054 1953 5119 uobis
1969 5052 2074 5134 amir,
2094 5056 2184 5121 sieut

169 5127 358 5212 scduelosr.
401 5128 591 5215 Sapientes,
611 5149 754 5217 quorum
773 5140 869 5197 acas
890 5141 944 5197 est
964 5130 1086 5199 idouea
1107 5133 1151 5200 sd
1174 5109 1180 5186 l
1201 5131 1326 5211 Daniel
1347 5137 1445 5203 uiam
1468 5137 1564 5203 dicit:
1584 5141 1644 5209 1110
1664 5144 1807 5223 terrtpore
1826 5143 1925 5209 stadt
1944 5138 2088 5209 Madau
