4620 5588
22 3670 28 3679 ’
127 3648 275 3712 armari.
319 3651 396 3713 Man
423 3653 475 3714 rol
493 3650 620 3730 elren,
652 3651 743 3714 nielli
760 3649 887 3714 Arttltel
911 3650 981 3714 und
1003 3650 1116 3714 &met

73 132 76 137 ’
122 172 201 243 ιω·
787 174 899 245 ann.
921 173 1026 242 trau.
1048 172 1236 242 sentem
1256 170 1520 242 mannan.
1842 276 1850 293 ἱ
2026 196 2031 201 ·
2077 162 2146 245 tor·
2237 152 2240 157 ’

210 363 342 430 Deinde
369 367 403 430 in
429 367 494 430 hae
522 366 666 452 imagine
698 379 797 452 typus
827 379 880 431 est
913 367 1106 452 propositas
1158 365 1330 429 rationem.
1364 363 1522 431 Manaclri
1541 366 1711 431 dixerunt:
1734 369 1762 431 si
1786 379 1821 430 tu
1843 363 1985 451 amplius
2007 363 2141 447 feceris,

123 449 241 536 lapsus
265 451 398 517 humani
422 454 568 537 generis,
592 464 625 517 et
647 453 883 538 redemptionis
905 473 967 536 per
988 449 1106 518 Filium
1158 450 1253 516 Deus
1277 451 1366 516 dabit
1400 453 1458 516 tibi
1486 453 1584 518 etiarn
1611 450 1707 539 plura
1737 454 1882 536 praemia
1918 462 2048 517 tauram
2076 473 2141 517 me·

123 537 200 603 Dei.
254 543 307 604 Ba
333 544 442 622 tdlpel,
477 542 601 622 spriele
622 541 785 622 Christus,
818 542 863 605 titt
895 547 1027 623 melaac,
1063 542 1109 605 da
1159 538 1307 602 ritorum.
1363 538 1430 604 Sed
1454 552 1597 604 nonest
1625 560 1704 604 vere
1731 539 1817 605 baec
1846 539 2022 604 sententia.
2066 536 2144 604 Alia

125 628 248 691 kannrt
259 624 369 710 legem
392 628 513 703 holten,
531 636 566 689 ta
589 623 697 690 adhuc
720 646 835 690 inaures
857 627 1004 690 sancius.
1038 624 1108 690 Lex
1133 668 1138 707 ,
1160 636 1213 687 est
1235 624 1387 688 doctrina
1410 621 1627 705 utrivcrsalis,
1661 625 1728 689 alia
1751 627 1792 689 de
1815 621 2053 711 singularibus.
2098 627 2144 692 Er

125 712 183 776 tibi
206 732 273 775 nou
297 709 488 795 opitulatur,
509 713 563 776 dle
581 715 685 792 peiren
705 715 861 795 flander,
890 715 934 778 do
955 714 1108 790 creberin,
1132 710 1138 768 l
1159 714 1249 775 kann
1271 716 1332 776 mol
1346 730 1438 793 eeyn,
1461 714 1544 778 dart
1565 720 1616 778 ein
1628 711 1779 776 llledieus
1794 718 1845 777 ein
1863 714 2028 792 pelelrter
2045 714 2144 778 Mnnn

126 799 216 882 qaod
240 794 294 862 lex
306 811 340 860 et
357 801 558 881 operanlrltt
577 801 687 881 delsen
708 802 845 879 konnen,
868 801 912 863 du
933 802 1112 864 castales!
1132 786 1139 879 l
1159 799 1211 879 ist,
1243 795 1344 861 habet
1366 798 1543 882 generales
1575 794 1724 883 regulas,
1758 800 1817 862 scd
1851 799 1882 861 iu
1918 794 2144 883 singularibus

124 881 236 970 legem
259 887 340 949 troci
362 887 458 949 nteit.
503 881 603 947 Nulla
626 905 700 962 res,
728 882 821 948 nulla
848 896 1002 950 creatura
1024 882 1109 950 tollit
1133 884 1140 985 Ῑ
1161 902 1263 967 saepe
1288 885 1449 970 coratiagit
1470 883 1581 970 aliqua
1603 884 1775 948 dubitatio.
1810 882 1918 967 Saepe
1941 893 2145 968 coneurrunt

149 982 319 1047 secatum,
347 971 410 1034 uisi
427 966 530 1033 Filius
552 968 629 1049 Dei,
653 991 750 1056 quern
773 972 855 1035 mitti
879 973 1041 1057 aportuit,
1073 982 1110 1036 ut
1134 988 1140 1063 ἦ
1162 969 1320 1033 contrarii
1331 973 1453 1047 morbi3
1477 983 1523 1048 ut,
1545 972 1579 1039 in
1600 969 1698 1049 febri,
1720 973 1750 1034 si
1773 970 1897 1035 dedero
1921 968 2041 1050 calida,
2064 981 2144 1036 tuuc

125 993 219 1122 deret
241 1058 384 1122 victima.
1161 1053 1260 1120 laedo
1294 1076 1393 1140 epar,
1416 1059 1518 1143 'qnod
1552 1069 1604 1122 est
1622 1057 1805 1122 incensum.
1861 1059 1919 1122 Sol
1948 1077 2022 1122 mun
2040 1059 2145 1138 peden

212 1145 272 1208 Hic
290 1148 500 1226 tnrpntttnor
522 1148 662 1209 autento
679 1150 760 1223 ran]
784 1144 816 1207 id
840 1156 904 1218 est,
925 1141 1028 1209 Filius
1045 1143 1109 1209 Dei
1161 1140 1281 1207 iridida
1313 1162 1375 1226 pro
1398 1142 1522 1229 Epate,
1553 1155 1621 1207 tum
1655 1140 1797 1208 laeditur
1824 1142 2040 1208 ventriculus.
2084 1139 2145 1207 llla

125 1230 263 1312 imponit
281 1249 344 1293 nos
363 1230 453 1293 carni
477 1249 569 1308 suae,
586 1233 654 1311 lep!
671 1249 734 1296 nne
754 1236 830 1312 aaff
845 1236 958 1295 retnen
979 1233 1111 1314 nwlten,
1162 1225 1343 1314 singularia
1363 1234 1468 1312 freden
1494 1234 1555 1312 offt
1577 1235 1647 1313 fiir.
1703 1230 1761 1295 Sic
1793 1228 1825 1293 ia
1860 1229 2145 1295 administratione

126 1313 285 1380 transiere
308 1318 340 1378 in
358 1336 497 1380 earnem
521 1336 614 1379 suaru
643 1317 726 1380 iram
749 1317 833 1381 Dei:
861 1332 996 1380 nostras
1013 1318 1111 1380 misc·
1161 1312 1404 1379 Ecclesiastica
1437 1317 1553 1381 incidit
1586 1335 1688 1399 saepe
1717 1336 1838 1401 magna
1873 1317 2053 1392 dubitatio,
2088 1316 2144 1380 alti

125 1403 207 1480 rias,
229 1413 412 1486 peceatum,
435 1421 575 1487 poenam
599 1422 661 1487 pro
683 1404 832 1487 peccatis
855 1404 983 1467 derivat
1005 1403 1038 1467 in
1060 1422 1110 1466 se.
1161 1420 1246 1486 opas
1268 1411 1320 1465 est
1338 1401 1490 1469 consilio.
1524 1406 1635 1469 Daren
1655 1412 1731 1484 sap!
1747 1406 1800 1467 llic
1821 1403 1882 1468 der
1898 1400 2144 1466 Samaritanus:

126 1490 176 1556 nr
207 1492 266 1569 lipt
299 1487 344 1552 da
376 1509 490 1552 eoram
522 1486 598 1553 Deo
632 1489 751 1568 Patre,
790 1501 822 1553 et
856 1488 996 1572 suscipit
1028 1493 1109 1554 iram
1163 1487 1243 1552 dicit
1266 1507 1304 1551 se
1325 1485 1392 1552 illis
1415 1487 1605 1567 affuturam,
1634 1500 1667 1553 et
1688 1484 1933 1573 persoluturum
1955 1489 2063 1552 etiam.
2108 1487 2145 1553 Si

126 1575 249 1653 Patris,
278 1576 375 1660 quasi
409 1595 447 1639 se
480 1569 655 1659 polluisset
687 1573 782 1640 hisee
815 1575 978 1661 peccatis.
1034 1575 1111 1661 lpse
1163 1592 1248 1656 opus
1270 1574 1332 1637 erit
1355 1572 1499 1638 consilio
1534 1587 1566 1639 et
1600 1573 1849 1652 consolatione,
1883 1594 1947 1659 ego
1981 1575 2084 1639 adero
2112 1584 2146 1638 et

127 1671 239 1748 gestat
261 1680 336 1725 nos,
1160 1659 1338 1725 adiuvabo.
1395 1658 1618 1767 Posteaquam
1648 1661 1753 1725 carati
1781 1680 1896 1725 sumus
1919 1664 1951 1724 in
1978 1657 2145 1740 Ecclesia,

1161 1745 1278 1832 recipit
1299 1766 1363 1811 nos
1385 1749 1505 1814 iterum
1526 1769 1559 1812 rn
1583 1743 1860 1834 Hierosolymam.

498 1991 742 2078 Balsamum
1413 2070 1599 2139 nasuta
1621 2071 1893 2139 rauranum.

180 2204 183 2210 ·
214 2171 406 2239 Balsamuru
428 2171 489 2240 fuit
511 2175 798 2255 efficacissimum,
828 2184 872 2243 let
899 2196 936 2244 ro
965 2183 1019 2242 et'n
1041 2179 1114 2243 edel

77 2272 85 2287 ⁸
126 2265 216 2345 dina,
234 2282 332 2328 wunn
354 2264 424 2326 ried
440 2267 533 2328 einer·
550 2266 842 2344 peacnntttenorter
859 2266 1028 2330 remanat
1044 2262 1112 2344 dat,
1249 2260 1355 2326 Nemo
1378 2273 1490 2347 potest
1511 2264 1594 2328 satis
1618 2264 1729 2328 dicere
1751 2265 1794 2329 de
1816 2264 2027 2329 enarratione
2048 2265 2144 2329 istius

126 2351 196 2415 aad
215 2351 273 2414 leat
294 2351 348 2414 die
366 2350 504 2414 wanden
525 2357 582 2415 mit
599 2348 757 2415 Balsama
775 2353 967 2429 bestrichen,
991 2369 1029 2416 eo
1051 2355 1112 2416 ista
1162 2349 1261 2414 auius
1279 2347 1470 2435 Evangelii:
1498 2353 1545 2416 Er
1563 2357 1608 2416 ire
1629 2352 1693 2416 ciel
1717 2354 1851 2418 reltdner
1879 2353 1994 2434 dtnper
2015 2354 2145 2431 drinne,

126 2442 162 2502 t'n
184 2441 288 2501 etnem
316 2444 373 2517 top
400 2442 500 2516 ponta
527 2439 629 2503 dultin
657 2440 804 2519 pebeilet.
856 2436 979 2502 llaram
1014 2437 1110 2502 triam
1163 2437 1343 2500 observate
1365 2437 1503 2519 primam
1526 2437 1649 2503 dictam
1666 2436 1870 2515 Aristotelis,
1892 2441 1954 2504 dne
1974 2440 2033 2504 leat
2056 2439 2145 2504 Cari·

127 2522 245 2586 artium
285 2519 433 2587 cultores
472 2518 552 2587 iecit
580 2522 675 2589 Deus
718 2518 899 2588 lsraelitas.
965 2522 1111 2588 Primum
1161 2530 1234 2591 star
1255 2525 1340 2588 auct
1361 2527 1431 2589 ciro
1448 2525 1609 2606 pebalten.
1653 2523 1722 2588 lmo
1744 2535 1815 2588 tota
1842 2524 1914 2588 aios
1937 2525 2004 2589 rita
2032 2537 2065 2589 et
2088 2525 2145 2588 do·

126 2605 255 2678 'l'hcolo
282 2626 342 2685 os,
375 2608 408 2671 id
442 2619 510 2687 est,
543 2606 647 2674 voluit
679 2630 758 2674 esse
791 2629 832 2674 eo
866 2610 1036 2675 auditores
1060 2608 1112 2672 sui
1163 2610 1270 2673 ctrina
1309 2620 1360 2674 est
1378 2606 1465 2674 talis.
1529 2605 1733 2676 Aristotcles
1756 2611 1851 2687 dicit,
1889 2612 2035 2698 quinque
2067 2629 2147 2676 esse

126 2695 235 2760 verbi:
258 2627 440 2780 {agricolas
463 2707 496 2758 et
512 2692 712 2761 Bellatores.
746 2699 801 2762 Sic
821 2700 899 2762 sind
918 2699 1007 2762 nient
1027 2715 1111 2760 mer·
1162 2695 1355 2759 necessaria
1384 2696 1541 2760 scribenti
1570 2716 1706 2780 poemat
1738 2696 1811 2781 ipse
1833 2692 1980 2782 loquitur
2002 2698 2045 2762 de
2065 2695 2147 2762 'lra-

127 2792 262 2847 cateres
286 2801 450 2862 penaten,
484 2783 614 2848 ateste
641 2785 754 2848 itannd
777 2785 868 2863 sind;
895 2784 956 2846 sed
986 2778 1111 2846 habae-
1163 2782 1293 2867 goedia.
1339 2781 1369 2843 l.
1392 2780 1653 2867 Argumentum,
1685 2785 1808 2864 nidor:
1827 2783 1860 2848 id
1883 2795 1954 2862 est,
1983 2786 2031 2850 Er
2057 2803 2148 2850 murt

127 2875 205 2932 runt
239 2867 490 2931 oeconomicam
523 2878 557 2932 et
589 2869 803 2932 domesticam
842 2868 1111 2953 negotiationem,
1162 2887 1232 2932 rem
1277 2870 1358 2933 oder
1389 2871 1558 2954 negotium
1592 2871 1716 2953 ludere,
1760 2872 1884 2936 darcon
1913 2891 1952 2936 er
1989 2870 2147 2935 tedreide.

127 2974 195 3019 non
213 2952 440 3031 καπηλευτικήν.
471 2953 569 3040 Aegy
594 2956 649 3019 tiis
660 2954 879 3020 vendiderunt
890 2975 986 3020 saum
1000 2955 1112 3019 vinnm
1135 2968 1142 3022 t
1162 2954 1194 3018 2.
1218 2958 1310 3033 λέξις,ι
1331 2957 1378 3021 Er
1395 2974 1485 3022 musa
1506 2958 1589 3021 neele
1610 2958 1710 3021 reden
1731 2960 1868 3028 kdttnen.
1891 2960 2057 3023 mamone
2077 2976 2148 3023 aer·

130 3051 164 3105 et
186 3036 305 3104 oleant.
345 3039 403 3105 Ste
419 3039 498 3104 sind
517 2977 699 3106 bellatores
722 3061 889 3124 peraesen,
919 3043 1034 3106 dranrb
1055 3043 1113 3106 lat
1136 3029 1148 3061 ''
1163 3043 1269 3118 rtelte,
1303 3043 1367 3106 dar
1388 3048 1448 3118 trt,
1481 3061 1588 3127 genus
1612 3044 1787 3107 sermonis.
1843 3042 1872 3106 3.
1898 3033 1991 3122 {aasz
2020 3043 2054 3106 id
2084 3053 2148 3122 est,

130 3129 228 3193 insen
260 3128 344 3191 ancl
379 3127 455 3192 Gott
478 3131 532 3192 ein
563 3136 699 3209 ottaney
727 3130 846 3208 peden,
879 3130 933 3194 dte
964 3131 1008 3194 da
1038 3129 1115 3194 bald
1163 3129 1212 3194 Er
1232 3146 1324 3193 mare
1344 3130 1551 3210 manutertep
1576 3130 1739 3209 penetres
1759 3131 1880 3207 laben,
1914 3141 1950 3194 ut
1970 3128 2091 3193 videtis
2112 3129 2148 3192 iu

128 3215 236 3290 bellet,
258 3231 352 3279 weron
374 3217 422 3278 rie
442 3213 488 3279 int
508 3215 601 3297 irrep
622 3217 810 3281 cernundet
828 3213 969 3280 worden.
1163 3211 1379 3299 Tragoediis,
1414 3225 1446 3278 et
1473 3213 1529 3279 hie
1556 3215 1718 3280 sacerdos
1745 3227 1780 3280 et
1806 3213 1927 3281 Levita
1954 3214 2048 3282 alben
2076 3235 2148 3282 cor·

215 3296 364 3363 Balsami
396 3297 549 3364 fruticem
582 3320 649 3364 non
688 3296 780 3365 licuit
812 3298 902 3365 lerro
936 3297 1112 3386 attingere.
1163 3302 1256 3377 oder,
1278 3312 1356 3364 sunt
1378 3298 1545 3380 crudeles,
1565 3311 1598 3366 et
1619 3322 1688 3367 nou
1705 3299 1896 3367 afficiuntur
1907 3301 2147 3367 misericordia.

131 3384 218 3458 Quid
240 3383 306 3450 hoc
329 3385 523 3472 significati
566 3386 661 3453 Sicut
687 3387 778 3452 lerro
806 3408 874 3452 noa
902 3383 994 3452 licuit
1015 3388 1113 3452 attin·
1165 3386 1395 3452 Samaritanus
1426 3393 1542 3469 reaper
1569 3389 1627 3465 nd,
1662 3397 1694 3453 et
1726 3384 1871 3454 afficitur
1903 3387 2147 3454 misericordia:

130 3491 213 3560 gere
235 3470 388 3538 fruticem
409 3470 574 3538 Balsami:
606 3474 657 3539 sic
677 3471 833 3539 Ecclesia
859 3493 927 3539 nou
949 3469 1020 3539 vult
1042 3473 1113 3561 regi
1164 3476 1226 3539 dar
1246 3476 1324 3539 rind
1343 3474 1477 3539 diversa
1498 3469 1571 3553 ἤθη.
1608 3472 1657 3538 lta
1678 3486 1756 3539 sant
1778 3476 1912 3540 diversa
1933 3473 1996 3554 ἤθη
2016 3476 2050 3539 in
2066 3471 2148 3538 Tra·

127 3557 302 3640 violenter,
325 3570 358 3624 et
379 3561 569 3646 tyrannice,
598 3561 660 3626 sed
682 3562 798 3627 doceri
829 3572 863 3625 et
893 3556 984 3626 malli
1013 3580 1113 3625 mann
1165 3559 1307 3712 goediis,
1328 3571 1365 3624 ut
1386 3557 1568 3647 Polynices
1591 3571 1625 3627 et
1646 3558 1804 3626 Eteocles
1829 3562 1915 3626 inter
1935 3581 1975 3626 se
1997 3571 2149 3646 pugnant

1188 3666 1347 3731 eregno,
1370 3658 1403 3712 et
1424 3645 1559 3713 locasta
1581 3657 1686 3712 nrater
1707 3645 1861 3713 hortatur
1883 3666 1942 3712 eos
1964 3648 2008 3712 ad
2030 3666 2149 3732 pacem

15 3810 20 3825 .
84 3764 89 3769 ·
127 3737 271 3817 mnenon,
293 3737 363 3799 und
382 3753 450 3800 teer
470 3738 619 3801 stentem
639 3737 748 3801 laten
769 3739 831 3816 wll,
854 3742 1025 3818 erwdrpen
1046 3735 1116 3800 and
1165 3743 1199 3797 et
1219 3733 1386 3797 iustitiam.
1430 3732 1479 3799 lta
1500 3736 1535 3799 in
1557 3730 1697 3820 Virgilio
1720 3732 1808 3799 aliud
1827 3724 1905 3814 ἦθος
1926 3745 1979 3798 est
1999 3733 2149 3812 Aeneae,

129 3822 258 3887 alidan
304 3820 399 3886 Sicut
419 3820 608 3887 Antiochus
629 3818 726 3900 fecit,
757 3833 791 3886 et
818 3820 1114 3886 Nabacbdonoso'r
1163 3815 1253 3885 aliud
1267 3818 1443 3901 Mezentii.
1477 3819 1539 3885 llle
1559 3819 1713 3906 placidus
1737 3832 1801 3900 est,
1822 3822 1943 3901 iustus,
1965 3817 2149 3899 beneficus,

127 3907 233 3972 erexit
255 3917 409 3973 statuam.
466 3906 586 3973 Vinum
608 3904 710 3973 habet
735 3909 802 3972 vim
825 3907 1009 3986 ripordeadi,
1037 3928 1114 3992 pur·
1164 3902 1273 3985 sortis,
1296 3916 1330 3971 et
1351 3908 1595 3992 magnanimus:
1618 3906 1806 3971 lllezentins
1829 3917 1881 3971 est
1903 3903 2062 3984 erudelis,
2085 3909 2148 3972 aar

152 3994 240 4070 andi,
263 3992 509 4073 mundificandi,
541 4003 690 4059 removet
711 4014 795 4077 pus,
824 3990 981 4078 prohibet
1002 4006 1113 4076 putre·
1164 3994 1243 4060 rind
1262 3992 1397 4058 diversa
1418 3989 1498 4073 ἧθηε
1528 3993 1562 4057 id
1596 4003 1666 4071 est,
1700 3994 1891 4058 discrimina
1916 4012 2146 4077 personarum.

126 4013 318 4146 irationem.
356 4077 548 4145 Balsamum
570 4090 624 4146 est
649 4081 833 4148 sanativum
856 4092 888 4147 et
910 4080 1112 4148 curativum:
1165 4080 1198 4147 t.
1220 4069 1352 4143 διάνοιαι
1386 4079 1508 4152 idest,
1541 4089 1673 4165 oportet
1704 4099 1783 4144 esse
1816 4077 2070 4165 applicationem
2104 4077 2148 4143 ad

127 4170 176 4236 Irt
190 4168 316 4234 tettan
337 4169 407 4233 atad
425 4166 510 4253 lindi
1166 4163 1522 4246 commonefactiones,
1555 4178 1624 4230 war
1655 4169 1741 4232 roltu
1771 4167 1896 4232 aaran
1924 4167 2048 4232 lernen.
2101 4160 2149 4230 Ut

256 4272 269 4289 ’
619 4254 622 4262 ’
1166 4249 1321 4317 Christus
1343 4249 1499 4338 applicat.
1543 4250 1612 4316 lste
1632 4264 1704 4317 erat
1732 4253 1761 4316 ei
1782 4253 1963 4337 proximus.
2014 4250 2090 4316 Hoc
2112 4263 2148 4316 ta

1165 4357 1299 4426 quoque
1320 4337 1387 4418 fac,
1420 4340 1481 4404 das
1502 4344 1548 4404 tst
1566 4336 1694 4404 διάνοια.
1740 4337 1795 4403 Sic
1818 4339 1937 4405 videtis
1959 4338 1993 4401 in
2016 4333 2149 4424 Virgilii

1188 4435 1316 4491 aemate
1347 4425 1460 4490 addita
1492 4443 1571 4489 esse
1596 4423 1880 4510 Epiphanemata,
1914 4423 2003 4511 quod
2037 4423 2151 4489 vincat

1164 4446 1299 4591 liastitia,
1332 4523 1365 4575 et
1398 4512 1487 4598 qaod
1504 4507 1661 4576 scelerati
1692 4512 1771 4577 dent
1793 4530 1938 4596 poenas,
1971 4516 2032 4576 acte
2053 4508 2150 4575 lxion

198 4438 314 4605 'aar
345 4499 442 4583 tuna
474 4511 554 4583 aa
585 4513 619 4577 a
637 4508 1038 4596 sumamma

1164 4603 1261 4681 rnfft:
1278 4600 1401 4665 nante
1421 4599 1576 4664 iustitiam
1597 4604 1716 4678 meniu,
1746 4606 1864 4663 elnon
1880 4607 2025 4664 minnere
2046 4598 2148 4664 divor.

216 4681 289 4750 Lex
327 4696 361 4749 et
394 4680 612 4769 Evangeliam
647 4695 699 4748 est
739 4684 893 4750 doctrina
933 4679 1113 4771 generalis.
1164 4687 1235 4751 Dar
1256 4687 1333 4750 end
1347 4682 1605 4769 applicationes,
1636 4681 1691 4750 vel
1714 4681 1842 4762 διάνοια,
1872 4705 1946 4748 earn
1980 4681 2149 4748 llomeras

129 4768 256 4837 Postea
283 4772 316 4836 in
346 4770 630 4835 administratione
658 4780 690 4834 et
718 4771 853 4836 casibus
884 4767 1112 4858 singularibus
1164 4772 1270 4857 pingit
1292 4770 1406 4835 socios
1424 4767 1571 4857 Ulyssis‚
1594 4771 1694 4854 quod,
1740 4771 1850 4835 nando
1868 4767 1997 4834 Aeolus
2013 4766 2150 4835 inclusit

130 4877 233 4943 saepe
253 4876 339 5007 opuls2
360 4869 413 4964 est
439 4853 771 4938 commonefactione,
803 4854 958 4963 consilio,
986 4876 1113 4961 ponsa·
1164 4868 1285 4924 ventos
1306 4857 1341 4922 in
1361 4868 1466 4961 atres,
1489 4856 1672 5006 dormgeute
1761 4868 1831 5004 slse,
1847 4857 1937 4960 'socii
1959 4857 2149 4961 cogitantes

128 4941 307 5096 litte..
330 4943 1050 5116 ttlllltttl‘tal.ttzltttltt
1065 4962 1113 5097 ii.
1164 4954 2149 5123 tentabittetbtlttt...tzttt⁹⁰tt”llizia

128 5117 268 5184 boribus
289 5116 430 5196 uostris,
452 5128 485 5182 et
506 5117 541 5182 ia
562 5114 616 5182 ltis
637 5113 963 5203 promittitaaxillarn
977 5127 1011 5184 et
1029 5115 1114 5184 libe
1162 5113 1304 5183 stultitia
1318 5129 1503 5183 >accersam
1518 5111 1680 5203 pericula:
1701 5126 1739 5183 ut
1749 5111 1869 5202 aliquis
1880 5127 1999 5203 posset
2018 5114 2146 5182 dicere:
