<?xml version="1.0" encoding="UTF-8"?>
<!DOCTYPE html PUBLIC "-//W3C//DTD XHTML 1.0 Transitional//EN"
    "http://www.w3.org/TR/xhtml1/DTD/xhtml1-transitional.dtd">
<html xmlns="http://www.w3.org/1999/xhtml" xml:lang="en" lang="en">
 <head>
  <title>
</title>
<meta http-equiv="Content-Type" content="text/html;charset=utf-8" />
  <meta name='ocr-system' content='tesseract 3.04.00' />
  <meta name='ocr-capabilities' content='ocr_page ocr_carea ocr_par ocr_line ocrx_word'/>
</head>
<body>
  <div class='ocr_page' id='page_1' title='image "./corpusreformato15melagoog/corpusreformato15melagoog_0248.png"; bbox 0 0 4620 5588; ppageno 0'>
   <div class='ocr_carea' id='block_1_1' title="bbox 180 124 2205 297">
    <p class='ocr_par' dir='ltr' id='par_1_1' title="bbox 180 124 2205 297">
     <span class='ocr_line' id='line_1_1' title="bbox 180 124 2205 297; baseline 0.002 -36"><span class='ocrx_word' id='word_1_1' title='bbox 180 187 247 261; x_wconf 80' lang='lat' dir='ltr'><strong>ata</strong></span> <span class='ocrx_word' id='word_1_2' title='bbox 525 187 599 287; x_wconf 7' lang='lat' dir='ltr'><strong>‘y</strong></span> <span class='ocrx_word' id='word_1_3' title='bbox 867 191 1083 260; x_wconf 76' lang='lat' dir='ltr'><strong>rosarum</strong></span> <span class='ocrx_word' id='word_1_4' title='bbox 1112 124 1546 264; x_wconf 43' lang='grc' dir='ltr'><strong>ιιειιιιιτιιοιιιιιιιιεΙΝ</strong></span> <span class='ocrx_word' id='word_1_5' title='bbox 1703 186 1708 194; x_wconf 85' lang='grc'><em>’</em></span> <span class='ocrx_word' id='word_1_6' title='bbox 1926 134 1928 139; x_wconf 34' lang='grc'><strong>’</strong></span> <span class='ocrx_word' id='word_1_7' title='bbox 2059 182 2205 297; x_wconf 79' lang='grc' dir='ltr'><strong>ἰιι</strong></span> 
     </span>
    </p>
   </div>
   <div class='ocr_carea' id='block_1_2' title="bbox 32 377 2248 5239">
    <p class='ocr_par' dir='ltr' id='par_1_2' title="bbox 32 377 2248 5239">
     <span class='ocr_line' id='line_1_2' title="bbox 135 377 2203 472; baseline 0.003 -25"><span class='ocrx_word' id='word_1_8' title='bbox 135 384 138 390; x_wconf 79' lang='grc'>’</span> <span class='ocrx_word' id='word_1_9' title='bbox 181 402 268 466; x_wconf 85' lang='lat' dir='ltr'><strong>quas</strong></span> <span class='ocrx_word' id='word_1_10' title='bbox 291 393 363 447; x_wconf 87' lang='lat' dir='ltr'><strong>erat</strong></span> <span class='ocrx_word' id='word_1_11' title='bbox 384 384 600 449; x_wconf 84' lang='lat' dir='ltr'><strong>couveniens.</strong></span> <span class='ocrx_word' id='word_1_12' title='bbox 645 381 696 447; x_wconf 90' lang='lat' dir='ltr'><strong>lta</strong></span> <span class='ocrx_word' id='word_1_13' title='bbox 718 403 770 448; x_wconf 92' lang='lat' dir='ltr'><strong>ma</strong></span> <span class='ocrx_word' id='word_1_14' title='bbox 793 377 873 448; x_wconf 80' lang='lat' dir='ltr'><strong>iecit</strong></span> <span class='ocrx_word' id='word_1_15' title='bbox 894 381 1164 450; x_wconf 87' lang='lat' dir='ltr'><strong>Grammatioum.</strong></span> <span class='ocrx_word' id='word_1_16' title='bbox 1189 387 1192 399; x_wconf 87' lang='grc'><strong>“</strong></span> <span class='ocrx_word' id='word_1_17' title='bbox 1216 385 1362 470; x_wconf 72' lang='lat' dir='ltr'><strong>irrprata</strong></span> <span class='ocrx_word' id='word_1_18' title='bbox 1407 383 1479 449; x_wconf 88' lang='lat' dir='ltr'><strong>Nos</strong></span> <span class='ocrx_word' id='word_1_19' title='bbox 1502 402 1620 450; x_wconf 85' lang='lat' dir='ltr'><strong>omnes</strong></span> <span class='ocrx_word' id='word_1_20' title='bbox 1641 397 1676 450; x_wconf 90' lang='lat' dir='ltr'><strong>et</strong></span> <span class='ocrx_word' id='word_1_21' title='bbox 1703 381 1828 470; x_wconf 77' lang='lat' dir='ltr'>singuli</span> <span class='ocrx_word' id='word_1_22' title='bbox 1854 401 1970 449; x_wconf 90' lang='lat' dir='ltr'><strong>sumus</strong></span> <span class='ocrx_word' id='word_1_23' title='bbox 1998 384 2139 472; x_wconf 76' lang='lat' dir='ltr'><strong>ingrati,</strong></span> <span class='ocrx_word' id='word_1_24' title='bbox 2167 395 2203 453; x_wconf 81' lang='lat' dir='ltr'><strong>at</strong></span> 
     </span>
     <span class='ocr_line' id='line_1_3' title="bbox 181 467 1575 558; baseline 0.004 -25"><span class='ocrx_word' id='word_1_25' title='bbox 181 468 263 533; x_wconf 84' lang='lat' dir='ltr'><strong>Erat</strong></span> <span class='ocrx_word' id='word_1_26' title='bbox 286 470 336 534; x_wconf 88' lang='lat' dir='ltr'><strong>vir</strong></span> <span class='ocrx_word' id='word_1_27' title='bbox 358 471 513 555; x_wconf 87' lang='lat' dir='ltr'><strong>optimus,</strong></span> <span class='ocrx_word' id='word_1_28' title='bbox 535 467 650 534; x_wconf 83' lang='lat' dir='ltr'><strong>dilexit</strong></span> <span class='ocrx_word' id='word_1_29' title='bbox 671 490 724 534; x_wconf 90' lang='lat' dir='ltr'><strong>me</strong></span> <span class='ocrx_word' id='word_1_30' title='bbox 745 481 783 534; x_wconf 91' lang='lat' dir='ltr'><strong>ut</strong></span> <span class='ocrx_word' id='word_1_31' title='bbox 804 468 924 549; x_wconf 85' lang='lat' dir='ltr'><strong>lilium,</strong></span> <span class='ocrx_word' id='word_1_32' title='bbox 946 481 980 535; x_wconf 92' lang='lat' dir='ltr'><strong>et</strong></span> <span class='ocrx_word' id='word_1_33' title='bbox 1001 491 1066 558; x_wconf 83' lang='lat' dir='ltr'><strong>ego</strong></span> <span class='ocrx_word' id='word_1_34' title='bbox 1089 490 1163 536; x_wconf 91' lang='lat' dir='ltr'><strong>eum</strong></span> <span class='ocrx_word' id='word_1_35' title='bbox 1217 469 1293 536; x_wconf 89' lang='lat' dir='ltr'><strong>Deo</strong></span> <span class='ocrx_word' id='word_1_36' title='bbox 1315 481 1349 536; x_wconf 93' lang='lat' dir='ltr'><strong>et</strong></span> <span class='ocrx_word' id='word_1_37' title='bbox 1370 471 1575 556; x_wconf 86' lang='lat' dir='ltr'><strong>parentibus.</strong></span> 
     </span>
     <span class='ocr_line' id='line_1_4' title="bbox 181 557 1166 641; baseline 0.001 -20"><span class='ocrx_word' id='word_1_38' title='bbox 181 565 217 621; x_wconf 91' lang='lat' dir='ltr'><strong>ut</strong></span> <span class='ocrx_word' id='word_1_39' title='bbox 239 566 379 639; x_wconf 90' lang='lat' dir='ltr'><strong>patrem,</strong></span> <span class='ocrx_word' id='word_1_40' title='bbox 402 567 433 619; x_wconf 91' lang='lat' dir='ltr'><strong>et</strong></span> <span class='ocrx_word' id='word_1_41' title='bbox 456 557 549 622; x_wconf 85' lang='lat' dir='ltr'><strong>brevi</strong></span> <span class='ocrx_word' id='word_1_42' title='bbox 583 557 841 635; x_wconf 82' lang='lat' dir='ltr'><strong>conveniemus,</strong></span> <span class='ocrx_word' id='word_1_43' title='bbox 876 576 997 641; x_wconf 88' lang='lat' dir='ltr'><strong>spero,</strong></span> <span class='ocrx_word' id='word_1_44' title='bbox 1029 557 1065 621; x_wconf 91' lang='lat' dir='ltr'><strong>in</strong></span> <span class='ocrx_word' id='word_1_45' title='bbox 1097 558 1166 623; x_wconf 85' lang='lat' dir='ltr'><strong>vita</strong></span> 
     </span>
     <span class='ocr_line' id='line_1_5' title="bbox 181 639 1166 728; baseline 0.003 -23"><span class='ocrx_word' id='word_1_46' title='bbox 181 653 328 706; x_wconf 87' lang='lat' dir='ltr'><strong>aeterna.</strong></span> <span class='ocrx_word' id='word_1_47' title='bbox 373 639 432 705; x_wconf 90' lang='lat' dir='ltr'><strong>llle</strong></span> <span class='ocrx_word' id='word_1_48' title='bbox 453 644 626 707; x_wconf 88' lang='lat' dir='ltr'><strong>amabatur</strong></span> <span class='ocrx_word' id='word_1_49' title='bbox 647 663 669 706; x_wconf 92' lang='lat' dir='ltr'><strong>a</strong></span> <span class='ocrx_word' id='word_1_50' title='bbox 689 662 755 720; x_wconf 90' lang='lat' dir='ltr'><strong>me,</strong></span> <span class='ocrx_word' id='word_1_51' title='bbox 768 643 921 728; x_wconf 83' lang='lat' dir='ltr'><strong>quamvis</strong></span> <span class='ocrx_word' id='word_1_52' title='bbox 934 643 1166 708; x_wconf 89' lang='lat' dir='ltr'><strong>utebaturista</strong></span> 
     </span>
     <span class='ocr_line' id='line_1_6' title="bbox 181 730 1193 815; baseline 0.005 -25"><span class='ocrx_word' id='word_1_53' title='bbox 181 730 375 808; x_wconf 80' lang='lat' dir='ltr'><strong>severitate3</strong></span> <span class='ocrx_word' id='word_1_54' title='bbox 400 749 598 815; x_wconf 81' lang='lat' dir='ltr'><strong>quamquam</strong></span> <span class='ocrx_word' id='word_1_55' title='bbox 620 748 687 795; x_wconf 92' lang='lat' dir='ltr'><strong>non</strong></span> <span class='ocrx_word' id='word_1_56' title='bbox 711 741 789 794; x_wconf 43' lang='lat' dir='ltr'><strong>erut.</strong></span> <span class='ocrx_word' id='word_1_57' title='bbox 804 730 986 808; x_wconf 87' lang='lat' dir='ltr'><strong>severitas,</strong></span> <span class='ocrx_word' id='word_1_58' title='bbox 1015 730 1077 794; x_wconf 85' lang='lat' dir='ltr'><strong>scd</strong></span> <span class='ocrx_word' id='word_1_59' title='bbox 1111 748 1163 795; x_wconf 88' lang='lat' dir='ltr'><strong>oa·</strong></span> <span class='ocrx_word' id='word_1_60' title='bbox 1190 798 1193 805; x_wconf 68' lang='grc'><em>,</em></span> 
     </span>
     <span class='ocr_line' id='line_1_7' title="bbox 181 803 2201 917; baseline 0.005 -40"><span class='ocrx_word' id='word_1_61' title='bbox 181 814 317 901; x_wconf 89' lang='lat' dir='ltr'><strong>stigatio</strong></span> <span class='ocrx_word' id='word_1_62' title='bbox 339 827 478 900; x_wconf 88' lang='lat' dir='ltr'><strong>paterna</strong></span> <span class='ocrx_word' id='word_1_63' title='bbox 501 812 804 881; x_wconf 75' lang='lat' dir='ltr'><strong>commonefaciens</strong></span> <span class='ocrx_word' id='word_1_64' title='bbox 832 835 886 880; x_wconf 89' lang='lat' dir='ltr'><strong>me</strong></span> <span class='ocrx_word' id='word_1_65' title='bbox 916 816 960 881; x_wconf 89' lang='lat' dir='ltr'><strong>de</strong></span> <span class='ocrx_word' id='word_1_66' title='bbox 982 812 1163 904; x_wconf 80' lang='lat' dir='ltr'><strong>diligentia.</strong></span> <span class='ocrx_word' id='word_1_67' title='bbox 1190 809 1193 883; x_wconf 79' lang='lat' dir='ltr'><strong>l</strong></span> <span class='ocrx_word' id='word_1_68' title='bbox 1216 804 1393 890; x_wconf 77' lang='lat' dir='ltr'><strong>Potesne</strong></span> <span class='ocrx_word' id='word_1_69' title='bbox 1424 805 1647 917; x_wconf 83' lang='lat' dir='ltr'><strong>rependere</strong></span> <span class='ocrx_word' id='word_1_70' title='bbox 1678 803 1830 914; x_wconf 80' lang='lat' dir='ltr'><strong>aliquid</strong></span> <span class='ocrx_word' id='word_1_71' title='bbox 1861 832 1935 916; x_wconf 89' lang='lat' dir='ltr'><strong>pro</strong></span> <span class='ocrx_word' id='word_1_72' title='bbox 1956 803 2021 888; x_wconf 81' lang='lat' dir='ltr'><strong>illa</strong></span> <span class='ocrx_word' id='word_1_73' title='bbox 2044 803 2201 917; x_wconf 72' lang='lat' dir='ltr'><strong>ingenia⁰</strong></span> 
     </span>
     <span class='ocr_line' id='line_1_8' title="bbox 80 889 1641 1006; baseline 0.003 -41"><span class='ocrx_word' id='word_1_74' title='bbox 80 928 82 933; x_wconf 93' lang='grc'><strong><em>·</em></strong></span> <span class='ocrx_word' id='word_1_75' title='bbox 181 898 339 986; x_wconf 78' lang='lat' dir='ltr'><strong>cogebar</strong></span> <span class='ocrx_word' id='word_1_76' title='bbox 361 901 495 985; x_wconf 88' lang='lat' dir='ltr'><strong>vesperi</strong></span> <span class='ocrx_word' id='word_1_77' title='bbox 512 921 675 987; x_wconf 87' lang='lat' dir='ltr'><strong>quaerere</strong></span> <span class='ocrx_word' id='word_1_78' title='bbox 697 900 859 1006; x_wconf 80' lang='lat' dir='ltr'><strong>regulae,</strong></span> <span class='ocrx_word' id='word_1_79' title='bbox 891 914 929 967; x_wconf 88' lang='lat' dir='ltr'><strong>ut</strong></span> <span class='ocrx_word' id='word_1_80' title='bbox 950 921 1088 987; x_wconf 89' lang='lat' dir='ltr'><strong>possem</strong></span> <span class='ocrx_word' id='word_1_81' title='bbox 1114 889 1193 974; x_wconf 72' lang='grc' dir='ltr'><strong>ιιι-Ι</strong></span> <span class='ocrx_word' id='word_1_82' title='bbox 1626 976 1641 993; x_wconf 85' lang='lat'><strong>.</strong></span> 
     </span>
     <span class='ocr_line' id='line_1_9' title="bbox 181 958 1910 1138; baseline 0.002 -87"><span class='ocrx_word' id='word_1_83' title='bbox 181 987 296 1138; x_wconf 47' lang='lat' dir='ltr'><strong>ienitare.</strong></span> <span class='ocrx_word' id='word_1_84' title='bbox 341 986 472 1053; x_wconf 78' lang='lat' dir='ltr'><strong>Videtis</strong></span> <span class='ocrx_word' id='word_1_85' title='bbox 493 986 601 1054; x_wconf 83' lang='lat' dir='ltr'><strong>luisse</strong></span> <span class='ocrx_word' id='word_1_86' title='bbox 621 986 830 1074; x_wconf 74' lang='lat' dir='ltr'><strong>disciplinam</strong></span> <span class='ocrx_word' id='word_1_87' title='bbox 843 988 1054 1067; x_wconf 72' lang='lat' dir='ltr'><strong>cinctionem,</strong></span> <span class='ocrx_word' id='word_1_88' title='bbox 1066 1009 1166 1075; x_wconf 82' lang='lat' dir='ltr'><strong>quam</strong></span> <span class='ocrx_word' id='word_1_89' title='bbox 1503 958 1910 1074; x_wconf 62' lang='lat' dir='ltr'><strong>oropypparentumi</strong></span> 
     </span>
     <span class='ocr_line' id='line_1_10' title="bbox 213 1083 609 1138; baseline 0 -1"><span class='ocrx_word' id='word_1_90' title='bbox 213 1094 244 1137; x_wconf 91' lang='lat' dir='ltr'><strong>m</strong></span> <span class='ocrx_word' id='word_1_91' title='bbox 268 1083 331 1138; x_wconf 88' lang='lat' dir='ltr'><strong>est.</strong></span> <span class='ocrx_word' id='word_1_92' title='bbox 606 1117 609 1126; x_wconf 85' lang='lat'>·</span> 
     </span>
     <span class='ocr_line' id='line_1_11' title="bbox 268 1156 2198 1246; baseline 0.001 -21"><span class='ocrx_word' id='word_1_93' title='bbox 268 1156 427 1225; x_wconf 80' lang='lat' dir='ltr'><strong>Salomon</strong></span> <span class='ocrx_word' id='word_1_94' title='bbox 448 1160 569 1246; x_wconf 85' lang='lat' dir='ltr'><strong>inquit:</strong></span> <span class='ocrx_word' id='word_1_95' title='bbox 614 1159 692 1226; x_wconf 90' lang='lat' dir='ltr'><strong>Non</strong></span> <span class='ocrx_word' id='word_1_96' title='bbox 718 1162 849 1226; x_wconf 82' lang='lat' dir='ltr'><strong>recedet</strong></span> <span class='ocrx_word' id='word_1_97' title='bbox 875 1162 994 1226; x_wconf 77' lang='lat' dir='ltr'><strong>motum</strong></span> <span class='ocrx_word' id='word_1_98' title='bbox 1021 1183 1044 1226; x_wconf 86' lang='lat' dir='ltr'><strong>o</strong></span> <span class='ocrx_word' id='word_1_99' title='bbox 1072 1160 1166 1227; x_wconf 81' lang='lat' dir='ltr'><strong>domo</strong></span> <span class='ocrx_word' id='word_1_100' title='bbox 1302 1159 1387 1225; x_wconf 88' lang='lat' dir='ltr'><strong>Nou.</strong></span> <span class='ocrx_word' id='word_1_101' title='bbox 1439 1159 1523 1237; x_wconf 67' lang='lat' dir='ltr'><strong>lmo,</strong></span> <span class='ocrx_word' id='word_1_102' title='bbox 1544 1180 1586 1224; x_wconf 87' lang='lat' dir='ltr'><strong>ne</strong></span> <span class='ocrx_word' id='word_1_103' title='bbox 1618 1158 1703 1224; x_wconf 81' lang='lat' dir='ltr'><strong>satis</strong></span> <span class='ocrx_word' id='word_1_104' title='bbox 1735 1159 1868 1244; x_wconf 88' lang='lat' dir='ltr'><strong>quidem</strong></span> <span class='ocrx_word' id='word_1_105' title='bbox 1904 1159 2056 1246; x_wconf 88' lang='lat' dir='ltr'><strong>cogitare</strong></span> <span class='ocrx_word' id='word_1_106' title='bbox 2090 1170 2198 1245; x_wconf 82' lang='lat' dir='ltr'><strong>potes.</strong></span> 
     </span>
     <span class='ocr_line' id='line_1_12' title="bbox 179 1242 2200 1333; baseline 0.001 -22"><span class='ocrx_word' id='word_1_107' title='bbox 179 1247 314 1328; x_wconf 61' lang='lat' dir='ltr'><strong>aaron.</strong></span> <span class='ocrx_word' id='word_1_108' title='bbox 359 1245 439 1310; x_wconf 86' lang='lat' dir='ltr'><strong>Gott</strong></span> <span class='ocrx_word' id='word_1_109' title='bbox 459 1245 594 1330; x_wconf 83' lang='lat' dir='ltr'><strong>struffts</strong></span> <span class='ocrx_word' id='word_1_110' title='bbox 616 1267 662 1312; x_wconf 85' lang='lat' dir='ltr'><strong>an</strong></span> <span class='ocrx_word' id='word_1_111' title='bbox 678 1248 793 1314; x_wconf 84' lang='lat' dir='ltr'><strong>deinen</strong></span> <span class='ocrx_word' id='word_1_112' title='bbox 817 1246 973 1326; x_wconf 77' lang='lat' dir='ltr'><strong>ltinden,</strong></span> <span class='ocrx_word' id='word_1_113' title='bbox 999 1266 1089 1312; x_wconf 82' lang='lat' dir='ltr'><strong>uena</strong></span> <span class='ocrx_word' id='word_1_114' title='bbox 1111 1266 1166 1313; x_wconf 88' lang='lat' dir='ltr'><strong>ers</strong></span> <span class='ocrx_word' id='word_1_115' title='bbox 1217 1244 1292 1318; x_wconf 86' lang='lat' dir='ltr'><strong>Quo</strong></span> <span class='ocrx_word' id='word_1_116' title='bbox 1315 1248 1455 1332; x_wconf 89' lang='lat' dir='ltr'><strong>quisque</strong></span> <span class='ocrx_word' id='word_1_117' title='bbox 1477 1257 1531 1312; x_wconf 91' lang='lat' dir='ltr'><strong>est</strong></span> <span class='ocrx_word' id='word_1_118' title='bbox 1552 1242 1686 1312; x_wconf 83' lang='lat' dir='ltr'><strong>melior:</strong></span> <span class='ocrx_word' id='word_1_119' title='bbox 1713 1265 1755 1311; x_wconf 88' lang='lat' dir='ltr'><strong>eo</strong></span> <span class='ocrx_word' id='word_1_120' title='bbox 1783 1249 1889 1333; x_wconf 89' lang='lat' dir='ltr'><strong>magis</strong></span> <span class='ocrx_word' id='word_1_121' title='bbox 1911 1247 2086 1313; x_wconf 82' lang='lat' dir='ltr'><strong>accusabit</strong></span> <span class='ocrx_word' id='word_1_122' title='bbox 2103 1266 2200 1313; x_wconf 85' lang='lat' dir='ltr'><strong>suam</strong></span> 
     </span>
     <span class='ocr_line' id='line_1_13' title="bbox 180 1329 2248 1419; baseline -0 -20"><span class='ocrx_word' id='word_1_123' title='bbox 180 1333 280 1400; x_wconf 79' lang='lat' dir='ltr'><strong>sehon</strong></span> <span class='ocrx_word' id='word_1_124' title='bbox 301 1351 346 1397; x_wconf 85' lang='lat' dir='ltr'><strong>ao</strong></span> <span class='ocrx_word' id='word_1_125' title='bbox 367 1333 424 1397; x_wconf 85' lang='lat' dir='ltr'><strong>dir</strong></span> <span class='ocrx_word' id='word_1_126' title='bbox 444 1334 533 1398; x_wconf 83' lang='lat' dir='ltr'><strong>nicht</strong></span> <span class='ocrx_word' id='word_1_127' title='bbox 553 1332 678 1417; x_wconf 82' lang='lat' dir='ltr'><strong>strofft.</strong></span> <span class='ocrx_word' id='word_1_128' title='bbox 723 1334 785 1399; x_wconf 88' lang='lat' dir='ltr'><strong>Est</strong></span> <span class='ocrx_word' id='word_1_129' title='bbox 807 1334 924 1398; x_wconf 89' lang='lat' dir='ltr'><strong>durum</strong></span> <span class='ocrx_word' id='word_1_130' title='bbox 947 1335 1084 1398; x_wconf 91' lang='lat' dir='ltr'><strong>dictum:</strong></span> <span class='ocrx_word' id='word_1_131' title='bbox 1113 1333 1166 1400; x_wconf 84' lang='lat' dir='ltr'><strong>thr</strong></span> <span class='ocrx_word' id='word_1_132' title='bbox 1216 1333 1484 1419; x_wconf 82' lang='lat' dir='ltr'><strong>ingratitudinem</strong></span> <span class='ocrx_word' id='word_1_133' title='bbox 1505 1351 1587 1418; x_wconf 91' lang='lat' dir='ltr'><strong>erga</strong></span> <span class='ocrx_word' id='word_1_134' title='bbox 1602 1329 1713 1415; x_wconf 83' lang='lat' dir='ltr'><strong>Deum</strong></span> <span class='ocrx_word' id='word_1_135' title='bbox 1734 1343 1769 1397; x_wconf 92' lang='lat' dir='ltr'><strong>et</strong></span> <span class='ocrx_word' id='word_1_136' title='bbox 1790 1329 1953 1397; x_wconf 85' lang='lat' dir='ltr'><strong>homines.</strong></span> <span class='ocrx_word' id='word_1_137' title='bbox 1992 1330 2112 1398; x_wconf 86' lang='lat' dir='ltr'><strong>Altera</strong></span> <span class='ocrx_word' id='word_1_138' title='bbox 2124 1351 2204 1416; x_wconf 92' lang='lat' dir='ltr'><strong>pro·</strong></span> <span class='ocrx_word' id='word_1_139' title='bbox 2244 1367 2248 1373; x_wconf 77' lang='lat'><em>,</em></span> 
     </span>
     <span class='ocr_line' id='line_1_14' title="bbox 180 1418 2199 1505; baseline 0 -20"><span class='ocrx_word' id='word_1_140' title='bbox 180 1419 287 1503; x_wconf 83' lang='lat' dir='ltr'><strong>dorfft</strong></span> <span class='ocrx_word' id='word_1_141' title='bbox 308 1420 386 1483; x_wconf 84' lang='lat' dir='ltr'><strong>euch</strong></span> <span class='ocrx_word' id='word_1_142' title='bbox 406 1420 494 1484; x_wconf 83' lang='lat' dir='ltr'><strong>nicht</strong></span> <span class='ocrx_word' id='word_1_143' title='bbox 516 1421 639 1486; x_wconf 66' lang='lat' dir='ltr'><strong>andos</strong></span> <span class='ocrx_word' id='word_1_144' title='bbox 671 1423 706 1485; x_wconf 86' lang='lat' dir='ltr'><strong>in</strong></span> <span class='ocrx_word' id='word_1_145' title='bbox 737 1421 801 1486; x_wconf 84' lang='lat' dir='ltr'><strong>den</strong></span> <span class='ocrx_word' id='word_1_146' title='bbox 821 1427 896 1485; x_wconf 79' lang='lat' dir='ltr'><strong>sinn</strong></span> <span class='ocrx_word' id='word_1_147' title='bbox 925 1439 1056 1499; x_wconf 73' lang='lat' dir='ltr'><strong>nmen,</strong></span> <span class='ocrx_word' id='word_1_148' title='bbox 1089 1419 1166 1499; x_wconf 82' lang='lat' dir='ltr'><strong>Quo</strong></span> <span class='ocrx_word' id='word_1_149' title='bbox 1239 1419 1336 1484; x_wconf 86' lang='lat' dir='ltr'><strong>ositio</strong></span> <span class='ocrx_word' id='word_1_150' title='bbox 1360 1431 1429 1483; x_wconf 81' lang='lat' dir='ltr'><strong>ast:</strong></span> <span class='ocrx_word' id='word_1_151' title='bbox 1459 1418 1588 1484; x_wconf 81' lang='lat' dir='ltr'><strong>Fecisse</strong></span> <span class='ocrx_word' id='word_1_152' title='bbox 1615 1418 1958 1503; x_wconf 60' lang='lat' dir='ltr'><strong>conmanentes.</strong></span> <span class='ocrx_word' id='word_1_153' title='bbox 2002 1418 2199 1505; x_wconf 85' lang='lat' dir='ltr'><strong>Benignitas</strong></span> 
     </span>
     <span class='ocr_line' id='line_1_15' title="bbox 179 1441 2199 1588; baseline -0 -16"><span class='ocrx_word' id='word_1_154' title='bbox 179 1525 332 1572; x_wconf 73' lang='lat' dir='ltr'><strong>memoro</strong></span> <span class='ocrx_word' id='word_1_155' title='bbox 365 1508 466 1574; x_wconf 83' lang='lat' dir='ltr'><strong>mensi</strong></span> <span class='ocrx_word' id='word_1_156' title='bbox 491 1503 650 1588; x_wconf 68' lang='lat' dir='ltr'><strong>fomites,</strong></span> <span class='ocrx_word' id='word_1_157' title='bbox 682 1507 794 1572; x_wconf 80' lang='lat' dir='ltr'><strong>eaden</strong></span> <span class='ocrx_word' id='word_1_158' title='bbox 825 1508 1034 1573; x_wconf 75' lang='lat' dir='ltr'><strong>renouetur</strong></span> <span class='ocrx_word' id='word_1_159' title='bbox 1061 1507 1163 1573; x_wconf 81' lang='lat' dir='ltr'><strong>cobis.</strong></span> <span class='ocrx_word' id='word_1_160' title='bbox 1215 1441 1343 1570; x_wconf 77' lang='lat' dir='ltr'><strong>latinis</strong></span> <span class='ocrx_word' id='word_1_161' title='bbox 1366 1524 1434 1570; x_wconf 91' lang='lat' dir='ltr'><strong>non</strong></span> <span class='ocrx_word' id='word_1_162' title='bbox 1458 1515 1512 1570; x_wconf 89' lang='lat' dir='ltr'><strong>est</strong></span> <span class='ocrx_word' id='word_1_163' title='bbox 1538 1504 1778 1583; x_wconf 87' lang='lat' dir='ltr'><strong>mansuetudo,</strong></span> <span class='ocrx_word' id='word_1_164' title='bbox 1808 1505 1869 1569; x_wconf 90' lang='lat' dir='ltr'><strong>sed</strong></span> <span class='ocrx_word' id='word_1_165' title='bbox 1895 1501 2128 1570; x_wconf 81' lang='lat' dir='ltr'><strong>liberalitatem</strong></span> <span class='ocrx_word' id='word_1_166' title='bbox 2154 1505 2199 1572; x_wconf 89' lang='lat' dir='ltr'><strong>si·</strong></span> 
     </span>
     <span class='ocr_line' id='line_1_16' title="bbox 179 1588 2198 1680; baseline -0.001 -22"><span class='ocrx_word' id='word_1_167' title='bbox 179 1592 223 1658; x_wconf 84' lang='lat' dir='ltr'><strong>Et</strong></span> <span class='ocrx_word' id='word_1_168' title='bbox 246 1612 366 1658; x_wconf 81' lang='lat' dir='ltr'><strong>versus</strong></span> <span class='ocrx_word' id='word_1_169' title='bbox 379 1592 599 1658; x_wconf 89' lang='lat' dir='ltr'><strong>Rhadamanti</strong></span> <span class='ocrx_word' id='word_1_170' title='bbox 621 1593 664 1658; x_wconf 90' lang='lat' dir='ltr'><strong>de</strong></span> <span class='ocrx_word' id='word_1_171' title='bbox 686 1591 762 1680; x_wconf 89' lang='lat' dir='ltr'><strong>lege</strong></span> <span class='ocrx_word' id='word_1_172' title='bbox 783 1589 933 1658; x_wconf 82' lang='lat' dir='ltr'><strong>talionis:</strong></span> <span class='ocrx_word' id='word_1_173' title='bbox 955 1593 1003 1657; x_wconf 74' lang='lat' dir='ltr'><strong>Et</strong></span> <span class='ocrx_word' id='word_1_174' title='bbox 1020 1617 1051 1657; x_wconf 82' lang='grc' dir='ltr'><strong>τε</strong></span> <span class='ocrx_word' id='word_1_175' title='bbox 1070 1592 1164 1657; x_wconf 73' lang='grc' dir='ltr'><strong>πάθοι</strong></span> <span class='ocrx_word' id='word_1_176' title='bbox 1216 1591 1365 1678; x_wconf 85' lang='lat' dir='ltr'><strong>gnificat.</strong></span> <span class='ocrx_word' id='word_1_177' title='bbox 1415 1590 1586 1677; x_wconf 89' lang='lat' dir='ltr'><strong>Benignus</strong></span> <span class='ocrx_word' id='word_1_178' title='bbox 1615 1588 1779 1657; x_wconf 89' lang='lat' dir='ltr'><strong>Dominus</strong></span> <span class='ocrx_word' id='word_1_179' title='bbox 1806 1590 1889 1657; x_wconf 71' lang='lat' dir='ltr'><strong>hest</strong></span> <span class='ocrx_word' id='word_1_180' title='bbox 1916 1591 2005 1657; x_wconf 76' lang='lat' dir='ltr'><strong>nabit</strong></span> <span class='ocrx_word' id='word_1_181' title='bbox 2037 1589 2198 1673; x_wconf 86' lang='lat' dir='ltr'><strong>clemens,</strong></span> 
     </span>
     <span class='ocr_line' id='line_1_17' title="bbox 180 1673 2203 1765; baseline -0.001 -19"><span class='ocrx_word' id='word_1_182' title='bbox 180 1683 272 1747; x_wconf 73' lang='grc' dir='ltr'><strong><em>ἰθαϊα</em></strong></span> <span class='ocrx_word' id='word_1_183' title='bbox 290 1681 383 1765; x_wconf 77' lang='grc' dir='ltr'><strong>ἔρεξε,</strong></span> <span class='ocrx_word' id='word_1_184' title='bbox 402 1677 469 1758; x_wconf 72' lang='grc' dir='ltr'><strong>δίκη</strong></span> <span class='ocrx_word' id='word_1_185' title='bbox 490 1682 708 1760; x_wconf 57' lang='lat' dir='ltr'><strong>materterae.</strong></span> <span class='ocrx_word' id='word_1_186' title='bbox 736 1677 854 1745; x_wconf 85' lang='lat' dir='ltr'><strong>Wenos</strong></span> <span class='ocrx_word' id='word_1_187' title='bbox 865 1680 921 1745; x_wconf 83' lang='lat' dir='ltr'><strong>dir</strong></span> <span class='ocrx_word' id='word_1_188' title='bbox 928 1679 1033 1764; x_wconf 69' lang='lat' dir='ltr'><strong>gelet,</strong></span> <span class='ocrx_word' id='word_1_189' title='bbox 1045 1682 1104 1745; x_wconf 81' lang='lat' dir='ltr'><strong>wie</strong></span> <span class='ocrx_word' id='word_1_190' title='bbox 1118 1681 1164 1745; x_wconf 83' lang='lat' dir='ltr'><strong>du</strong></span> <span class='ocrx_word' id='word_1_191' title='bbox 1214 1678 1277 1744; x_wconf 88' lang='lat' dir='ltr'><strong>sed</strong></span> <span class='ocrx_word' id='word_1_192' title='bbox 1294 1673 1454 1744; x_wconf 90' lang='lat' dir='ltr'><strong>liberalis.</strong></span> <span class='ocrx_word' id='word_1_193' title='bbox 1499 1681 1568 1743; x_wconf 87' lang='lat' dir='ltr'><strong>Tua</strong></span> <span class='ocrx_word' id='word_1_194' title='bbox 1589 1677 1798 1764; x_wconf 80' lang='lat' dir='ltr'><strong>benignitas,</strong></span> <span class='ocrx_word' id='word_1_195' title='bbox 1819 1678 1853 1743; x_wconf 90' lang='lat' dir='ltr'><strong>id</strong></span> <span class='ocrx_word' id='word_1_196' title='bbox 1875 1688 1946 1758; x_wconf 90' lang='lat' dir='ltr'><strong>est,</strong></span> <span class='ocrx_word' id='word_1_197' title='bbox 1971 1688 2028 1743; x_wconf 89' lang='lat' dir='ltr'><strong>tua</strong></span> <span class='ocrx_word' id='word_1_198' title='bbox 2053 1674 2203 1743; x_wconf 79' lang='lat' dir='ltr'><strong>liberali·</strong></span> 
     </span>
     <span class='ocr_line' id='line_1_18' title="bbox 167 1758 2197 1854; baseline 0 -23"><span class='ocrx_word' id='word_1_199' title='bbox 167 1765 299 1854; x_wconf 74' lang='lat' dir='ltr'><strong>¹petbus</strong></span> <span class='ocrx_word' id='word_1_200' title='bbox 320 1766 407 1844; x_wconf 86' lang='lat' dir='ltr'><strong>host,</strong></span> <span class='ocrx_word' id='word_1_201' title='bbox 430 1786 468 1830; x_wconf 90' lang='lat' dir='ltr'><strong>so</strong></span> <span class='ocrx_word' id='word_1_202' title='bbox 487 1765 653 1850; x_wconf 68' lang='lat' dir='ltr'><strong>peschicbt</strong></span> <span class='ocrx_word' id='word_1_203' title='bbox 674 1766 730 1830; x_wconf 83' lang='lat' dir='ltr'><strong>dir</strong></span> <span class='ocrx_word' id='word_1_204' title='bbox 751 1765 829 1831; x_wconf 85' lang='lat' dir='ltr'><strong>eben</strong></span> <span class='ocrx_word' id='word_1_205' title='bbox 849 1766 948 1833; x_wconf 84' lang='lat' dir='ltr'><strong>recht.</strong></span> <span class='ocrx_word' id='word_1_206' title='bbox 1173 1758 1180 1767; x_wconf 85' lang='grc'>’</span> <span class='ocrx_word' id='word_1_207' title='bbox 1215 1774 1282 1829; x_wconf 85' lang='lat' dir='ltr'><strong>tas:</strong></span> <span class='ocrx_word' id='word_1_208' title='bbox 1306 1763 1434 1830; x_wconf 74' lang='lat' dir='ltr'><strong>Foeisse</strong></span> <span class='ocrx_word' id='word_1_209' title='bbox 1455 1764 1602 1850; x_wconf 65' lang='lat' dir='ltr'><strong>insigne,</strong></span> <span class='ocrx_word' id='word_1_210' title='bbox 1629 1776 1683 1830; x_wconf 90' lang='lat' dir='ltr'><strong>est</strong></span> <span class='ocrx_word' id='word_1_211' title='bbox 1703 1763 1808 1844; x_wconf 89' lang='lat' dir='ltr'><strong>idem,</strong></span> <span class='ocrx_word' id='word_1_212' title='bbox 1836 1765 1926 1850; x_wconf 89' lang='lat' dir='ltr'><strong>quod</strong></span> <span class='ocrx_word' id='word_1_213' title='bbox 1956 1762 2119 1829; x_wconf 85' lang='lat' dir='ltr'><strong>beneficia</strong></span> <span class='ocrx_word' id='word_1_214' title='bbox 2141 1765 2197 1831; x_wconf 84' lang='lat' dir='ltr'><strong>da·</strong></span> 
     </span>
     <span class='ocr_line' id='line_1_19' title="bbox 190 1847 2027 2001; baseline -0.001 -84"><span class='ocrx_word' id='word_1_215' title='bbox 190 1865 193 1871; x_wconf 82' lang='grc'><strong>’</strong></span> <span class='ocrx_word' id='word_1_216' title='bbox 266 1851 455 1936; x_wconf 87' lang='lat' dir='ltr'><strong>Xenophon</strong></span> <span class='ocrx_word' id='word_1_217' title='bbox 477 1853 510 1916; x_wconf 91' lang='lat' dir='ltr'><strong>in</strong></span> <span class='ocrx_word' id='word_1_218' title='bbox 536 1852 660 1918; x_wconf 87' lang='lat' dir='ltr'><strong>Paedia</strong></span> <span class='ocrx_word' id='word_1_219' title='bbox 687 1850 767 1940; x_wconf 82' lang='lat' dir='ltr'><strong>Gyri</strong></span> <span class='ocrx_word' id='word_1_220' title='bbox 796 1852 917 1937; x_wconf 81' lang='lat' dir='ltr'><strong>inquit:</strong></span> <span class='ocrx_word' id='word_1_221' title='bbox 955 1851 1163 1937; x_wconf 68' lang='lat' dir='ltr'><strong>ingratitudo</strong></span> <span class='ocrx_word' id='word_1_222' title='bbox 1214 1850 1316 1917; x_wconf 89' lang='lat' dir='ltr'><strong>disse.</strong></span> <span class='ocrx_word' id='word_1_223' title='bbox 1362 1848 1546 1916; x_wconf 83' lang='lat' dir='ltr'><strong>lniinitivus</strong></span> <span class='ocrx_word' id='word_1_224' title='bbox 1567 1851 1760 1916; x_wconf 84' lang='lat' dir='ltr'><strong>nominativi</strong></span> <span class='ocrx_word' id='word_1_225' title='bbox 1781 1847 1860 1916; x_wconf 88' lang='lat' dir='ltr'><strong>loco</strong></span> <span class='ocrx_word' id='word_1_226' title='bbox 1879 1851 2027 2001; x_wconf 58' lang='lat' dir='ltr'><strong>ponitur.</strong></span> 
     </span>
     <span class='ocr_line' id='line_1_20' title="bbox 181 1934 2199 2025; baseline -0.002 -20"><span class='ocrx_word' id='word_1_227' title='bbox 181 1946 230 2005; x_wconf 84' lang='lat' dir='ltr'><strong>eat</strong></span> <span class='ocrx_word' id='word_1_228' title='bbox 262 1941 433 2003; x_wconf 79' lang='lat' dir='ltr'><strong>coniuncto</strong></span> <span class='ocrx_word' id='word_1_229' title='bbox 465 1939 695 2024; x_wconf 79' lang='lat' dir='ltr'><strong>tmptrdeutice.</strong></span> <span class='ocrx_word' id='word_1_230' title='bbox 739 1939 927 2018; x_wconf 81' lang='lat' dir='ltr'><strong>Scribant,</strong></span> <span class='ocrx_word' id='word_1_231' title='bbox 952 1940 1043 2025; x_wconf 90' lang='lat' dir='ltr'><strong>quod</strong></span> <span class='ocrx_word' id='word_1_232' title='bbox 1074 1937 1163 2005; x_wconf 84' lang='lat' dir='ltr'><strong>Aiax</strong></span> <span class='ocrx_word' id='word_1_233' title='bbox 1300 1934 1363 2001; x_wconf 89' lang='lat' dir='ltr'><strong>Est</strong></span> <span class='ocrx_word' id='word_1_234' title='bbox 1394 1936 1569 2021; x_wconf 89' lang='lat' dir='ltr'><strong>pulchrum</strong></span> <span class='ocrx_word' id='word_1_235' title='bbox 1605 1936 1729 2002; x_wconf 90' lang='lat' dir='ltr'><strong>dictum</strong></span> <span class='ocrx_word' id='word_1_236' title='bbox 1764 1936 1853 2022; x_wconf 87' lang='lat' dir='ltr'><strong>apud</strong></span> <span class='ocrx_word' id='word_1_237' title='bbox 1907 1934 2051 2006; x_wconf 86' lang='lat' dir='ltr'><strong>lautum:</strong></span> <span class='ocrx_word' id='word_1_238' title='bbox 2094 1935 2199 2002; x_wconf 84' lang='lat' dir='ltr'><strong>Bonis</strong></span> 
     </span>
     <span class='ocr_line' id='line_1_21' title="bbox 180 2022 2196 2173; baseline -0 -83"><span class='ocrx_word' id='word_1_239' title='bbox 180 2024 257 2090; x_wconf 92' lang='lat' dir='ltr'><strong>ideo</strong></span> <span class='ocrx_word' id='word_1_240' title='bbox 275 2025 421 2109; x_wconf 90' lang='lat' dir='ltr'><strong>perierit,</strong></span> <span class='ocrx_word' id='word_1_241' title='bbox 444 2025 509 2092; x_wconf 86' lang='lat' dir='ltr'><strong>dos</strong></span> <span class='ocrx_word' id='word_1_242' title='bbox 530 2045 568 2090; x_wconf 85' lang='lat' dir='ltr'><strong>er</strong></span> <span class='ocrx_word' id='word_1_243' title='bbox 589 2031 698 2110; x_wconf 74' lang='lat' dir='ltr'><strong>eapte,</strong></span> <span class='ocrx_word' id='word_1_244' title='bbox 727 2023 772 2091; x_wconf 82' lang='lat' dir='ltr'><strong>Se</strong></span> <span class='ocrx_word' id='word_1_245' title='bbox 791 2027 963 2091; x_wconf 70' lang='grc' dir='ltr'><strong>υἰοιονίαηι</strong></span> <span class='ocrx_word' id='word_1_246' title='bbox 984 2044 1081 2090; x_wconf 84' lang='lat' dir='ltr'><strong>nonu</strong></span> <span class='ocrx_word' id='word_1_247' title='bbox 1102 2034 1184 2092; x_wconf 80' lang='lat' dir='ltr'><strong>suo</strong></span> <span class='ocrx_word' id='word_1_248' title='bbox 1214 2023 1302 2173; x_wconf 57' lang='lat' dir='ltr'><strong>gurd</strong></span> <span class='ocrx_word' id='word_1_249' title='bbox 1335 2023 1410 2088; x_wconf 84' lang='lat' dir='ltr'><strong>bene</strong></span> <span class='ocrx_word' id='word_1_250' title='bbox 1440 2023 1500 2110; x_wconf 76' lang='lat' dir='ltr'><strong>fit,</strong></span> <span class='ocrx_word' id='word_1_251' title='bbox 1531 2023 1568 2088; x_wconf 81' lang='lat' dir='ltr'><strong>id</strong></span> <span class='ocrx_word' id='word_1_252' title='bbox 1599 2022 1723 2088; x_wconf 71' lang='grc' dir='ltr'><strong>ἀοιηιιιιι</strong></span> <span class='ocrx_word' id='word_1_253' title='bbox 1750 2031 1782 2087; x_wconf 90' lang='lat' dir='ltr'><strong>et</strong></span> <span class='ocrx_word' id='word_1_254' title='bbox 1811 2042 1916 2108; x_wconf 79' lang='lat' dir='ltr'><strong>praee</strong></span> <span class='ocrx_word' id='word_1_255' title='bbox 1938 2033 1969 2089; x_wconf 90' lang='lat' dir='ltr'><strong>et</strong></span> <span class='ocrx_word' id='word_1_256' title='bbox 1984 2031 2117 2109; x_wconf 70' lang='lat' dir='ltr'><strong>protum</strong></span> <span class='ocrx_word' id='word_1_257' title='bbox 2138 2029 2196 2089; x_wconf 83' lang='lat' dir='ltr'><strong>est.</strong></span> 
     </span>
     <span class='ocr_line' id='line_1_22' title="bbox 178 2107 2199 2198; baseline 0 -22"><span class='ocrx_word' id='word_1_258' title='bbox 178 2120 373 2196; x_wconf 83' lang='lat' dir='ltr'><strong>paraturum</strong></span> <span class='ocrx_word' id='word_1_259' title='bbox 405 2131 484 2176; x_wconf 86' lang='lat' dir='ltr'><strong>esse.</strong></span> <span class='ocrx_word' id='word_1_260' title='bbox 539 2111 607 2177; x_wconf 89' lang='lat' dir='ltr'><strong>lam</strong></span> <span class='ocrx_word' id='word_1_261' title='bbox 630 2122 795 2198; x_wconf 84' lang='lat' dir='ltr'><strong>vagantur</strong></span> <span class='ocrx_word' id='word_1_262' title='bbox 819 2131 949 2196; x_wconf 87' lang='lat' dir='ltr'><strong>poenae</strong></span> <span class='ocrx_word' id='word_1_263' title='bbox 975 2131 1036 2195; x_wconf 90' lang='lat' dir='ltr'><strong>per</strong></span> <span class='ocrx_word' id='word_1_264' title='bbox 1058 2121 1163 2178; x_wconf 88' lang='lat' dir='ltr'><strong>totum</strong></span> <span class='ocrx_word' id='word_1_265' title='bbox 1247 2128 1329 2175; x_wconf 85' lang='lat' dir='ltr'><strong>rave</strong></span> <span class='ocrx_word' id='word_1_266' title='bbox 1351 2108 1490 2176; x_wconf 87' lang='lat' dir='ltr'><strong>Graecis</strong></span> <span class='ocrx_word' id='word_1_267' title='bbox 1513 2120 1564 2174; x_wconf 89' lang='lat' dir='ltr'><strong>est</strong></span> <span class='ocrx_word' id='word_1_268' title='bbox 1586 2107 1704 2191; x_wconf 71' lang='grc' dir='ltr'><strong>σεμνόν,</strong></span> <span class='ocrx_word' id='word_1_269' title='bbox 1722 2110 1755 2176; x_wconf 91' lang='lat' dir='ltr'><strong>id</strong></span> <span class='ocrx_word' id='word_1_270' title='bbox 1778 2118 1846 2189; x_wconf 89' lang='lat' dir='ltr'><strong>est,</strong></span> <span class='ocrx_word' id='word_1_271' title='bbox 1910 2111 2033 2191; x_wconf 76' lang='lat' dir='ltr'><strong>ariter,</strong></span> <span class='ocrx_word' id='word_1_272' title='bbox 2062 2120 2199 2176; x_wconf 86' lang='lat' dir='ltr'><strong>etcum</strong></span> 
     </span>
     <span class='ocr_line' id='line_1_23' title="bbox 72 2191 2199 2286; baseline -0.001 -22"><span class='ocrx_word' id='word_1_273' title='bbox 72 2221 74 2224; x_wconf 51' lang='lat'><em>⁴</em></span> <span class='ocrx_word' id='word_1_274' title='bbox 181 2216 289 2286; x_wconf 88' lang='lat' dir='ltr'><strong>genus</strong></span> <span class='ocrx_word' id='word_1_275' title='bbox 316 2196 515 2276; x_wconf 87' lang='lat' dir='ltr'><strong>humanum,</strong></span> <span class='ocrx_word' id='word_1_276' title='bbox 539 2208 572 2263; x_wconf 92' lang='lat' dir='ltr'><strong>et</strong></span> <span class='ocrx_word' id='word_1_277' title='bbox 599 2208 765 2284; x_wconf 84' lang='lat' dir='ltr'><strong>vagantur</strong></span> <span class='ocrx_word' id='word_1_278' title='bbox 785 2205 924 2285; x_wconf 83' lang='lat' dir='ltr'><strong>propter</strong></span> <span class='ocrx_word' id='word_1_279' title='bbox 944 2210 1093 2264; x_wconf 91' lang='lat' dir='ltr'><strong>nostram</strong></span> <span class='ocrx_word' id='word_1_280' title='bbox 1114 2199 1163 2263; x_wconf 91' lang='lat' dir='ltr'><strong>in·</strong></span> <span class='ocrx_word' id='word_1_281' title='bbox 1215 2191 1348 2262; x_wconf 87' lang='lat' dir='ltr'><strong>delectu</strong></span> <span class='ocrx_word' id='word_1_282' title='bbox 1370 2192 1588 2262; x_wconf 83' lang='lat' dir='ltr'><strong>collocatum:</strong></span> <span class='ocrx_word' id='word_1_283' title='bbox 1611 2196 1675 2261; x_wconf 87' lang='lat' dir='ltr'><strong>dus</strong></span> <span class='ocrx_word' id='word_1_284' title='bbox 1695 2197 1740 2260; x_wconf 79' lang='lat' dir='ltr'><strong>tet</strong></span> <span class='ocrx_word' id='word_1_285' title='bbox 1760 2216 1800 2262; x_wconf 75' lang='lat' dir='ltr'><strong>aa</strong></span> <span class='ocrx_word' id='word_1_286' title='bbox 1820 2194 1862 2263; x_wconf 83' lang='lat' dir='ltr'><strong>bo</strong></span> <span class='ocrx_word' id='word_1_287' title='bbox 1910 2197 2017 2274; x_wconf 63' lang='lat' dir='ltr'><strong>walt,</strong></span> <span class='ocrx_word' id='word_1_288' title='bbox 2045 2197 2092 2261; x_wconf 85' lang='lat' dir='ltr'><strong>de</strong></span> <span class='ocrx_word' id='word_1_289' title='bbox 2111 2195 2199 2280; x_wconf 69' lang='lat' dir='ltr'><strong>picit</strong></span> 
     </span>
     <span class='ocr_line' id='line_1_24' title="bbox 32 2271 2197 2372; baseline 0 -24"><span class='ocrx_word' id='word_1_290' title='bbox 32 2317 49 2337; x_wconf 84' lang='lat'><strong>-·</strong></span> <span class='ocrx_word' id='word_1_291' title='bbox 203 2284 413 2349; x_wconf 82' lang='lat' dir='ltr'><strong>retitudinem</strong></span> <span class='ocrx_word' id='word_1_292' title='bbox 441 2304 523 2369; x_wconf 89' lang='lat' dir='ltr'><strong>erga</strong></span> <span class='ocrx_word' id='word_1_293' title='bbox 544 2281 676 2360; x_wconf 87' lang='lat' dir='ltr'><strong>Deum,</strong></span> <span class='ocrx_word' id='word_1_294' title='bbox 707 2296 740 2350; x_wconf 87' lang='lat' dir='ltr'><strong>et</strong></span> <span class='ocrx_word' id='word_1_295' title='bbox 768 2305 850 2372; x_wconf 89' lang='lat' dir='ltr'><strong>erga</strong></span> <span class='ocrx_word' id='word_1_296' title='bbox 877 2284 1038 2350; x_wconf 87' lang='lat' dir='ltr'><strong>homines.</strong></span> <span class='ocrx_word' id='word_1_297' title='bbox 1086 2271 1163 2351; x_wconf 82' lang='lat' dir='ltr'><strong>Dos</strong></span> <span class='ocrx_word' id='word_1_298' title='bbox 1213 2300 1289 2346; x_wconf 85' lang='lat' dir='ltr'><strong>man</strong></span> <span class='ocrx_word' id='word_1_299' title='bbox 1309 2283 1373 2347; x_wconf 85' lang='lat' dir='ltr'><strong>den</strong></span> <span class='ocrx_word' id='word_1_300' title='bbox 1393 2283 1662 2348; x_wconf 85' lang='lat' dir='ltr'><strong>assentatoribus</strong></span> <span class='ocrx_word' id='word_1_301' title='bbox 1683 2282 1790 2364; x_wconf 81' lang='lat' dir='ltr'><strong>mehr,</strong></span> <span class='ocrx_word' id='word_1_302' title='bbox 1813 2283 1898 2349; x_wconf 58' lang='lat' dir='ltr'><strong>mne</strong></span> <span class='ocrx_word' id='word_1_303' title='bbox 1914 2284 1969 2348; x_wconf 84' lang='lat' dir='ltr'><strong>die</strong></span> <span class='ocrx_word' id='word_1_304' title='bbox 1989 2283 2036 2348; x_wconf 86' lang='lat' dir='ltr'><strong>du</strong></span> <span class='ocrx_word' id='word_1_305' title='bbox 2055 2283 2121 2348; x_wconf 84' lang='lat' dir='ltr'><strong>oiel</strong></span> <span class='ocrx_word' id='word_1_306' title='bbox 2140 2300 2197 2348; x_wconf 84' lang='lat' dir='ltr'><strong>ar·</strong></span> 
     </span>
     <span class='ocr_line' id='line_1_25' title="bbox 177 2305 2198 2457; baseline 0 -23"><span class='ocrx_word' id='word_1_307' title='bbox 177 2305 269 2455; x_wconf 63' lang='lat' dir='ltr'><strong>liupr</strong></span> <span class='ocrx_word' id='word_1_308' title='bbox 290 2369 441 2436; x_wconf 80' lang='lat' dir='ltr'><strong>Christus</strong></span> <span class='ocrx_word' id='word_1_309' title='bbox 462 2370 536 2435; x_wconf 82' lang='lat' dir='ltr'><strong>lie:</strong></span> <span class='ocrx_word' id='word_1_310' title='bbox 577 2369 701 2436; x_wconf 85' lang='lat' dir='ltr'><strong>Novem</strong></span> <span class='ocrx_word' id='word_1_311' title='bbox 728 2371 787 2437; x_wconf 81' lang='lat' dir='ltr'><strong>ubi</strong></span> <span class='ocrx_word' id='word_1_312' title='bbox 811 2372 906 2437; x_wconf 78' lang='lat' dir='ltr'><strong>runt?</strong></span> <span class='ocrx_word' id='word_1_313' title='bbox 935 2373 1031 2457; x_wconf 90' lang='lat' dir='ltr'><strong>quasi</strong></span> <span class='ocrx_word' id='word_1_314' title='bbox 1060 2372 1161 2452; x_wconf 84' lang='lat' dir='ltr'><strong>dicat,</strong></span> <span class='ocrx_word' id='word_1_315' title='bbox 1212 2368 1278 2434; x_wconf 83' lang='lat' dir='ltr'><strong>beit</strong></span> <span class='ocrx_word' id='word_1_316' title='bbox 1299 2376 1447 2454; x_wconf 57' lang='lat' dir='ltr'><strong>tropaea</strong></span> <span class='ocrx_word' id='word_1_317' title='bbox 1467 2368 1600 2434; x_wconf 85' lang='lat' dir='ltr'><strong>Cicero:</strong></span> <span class='ocrx_word' id='word_1_318' title='bbox 1622 2366 1720 2435; x_wconf 82' lang='lat' dir='ltr'><strong>Soles</strong></span> <span class='ocrx_word' id='word_1_319' title='bbox 1741 2369 1873 2454; x_wconf 84' lang='lat' dir='ltr'><strong>supierra</strong></span> <span class='ocrx_word' id='word_1_320' title='bbox 1892 2379 2011 2456; x_wconf 59' lang='lat' dir='ltr'><strong>putus</strong></span> <span class='ocrx_word' id='word_1_321' title='bbox 2032 2376 2097 2435; x_wconf 75' lang='lat' dir='ltr'><strong>este</strong></span> <span class='ocrx_word' id='word_1_322' title='bbox 2118 2365 2198 2434; x_wconf 84' lang='lat' dir='ltr'><strong>mali</strong></span> 
     </span>
     <span class='ocr_line' id='line_1_26' title="bbox 176 2453 1636 2546; baseline -0.002 -24"><span class='ocrx_word' id='word_1_323' title='bbox 176 2459 276 2544; x_wconf 84' lang='lat' dir='ltr'><strong>pauci</strong></span> <span class='ocrx_word' id='word_1_324' title='bbox 297 2468 377 2523; x_wconf 91' lang='lat' dir='ltr'><strong>sunt</strong></span> <span class='ocrx_word' id='word_1_325' title='bbox 399 2457 496 2546; x_wconf 88' lang='lat' dir='ltr'><strong>grati.</strong></span> <span class='ocrx_word' id='word_1_326' title='bbox 834 2466 837 2470; x_wconf 76' lang='grc'><strong>’</strong></span> <span class='ocrx_word' id='word_1_327' title='bbox 1148 2488 1151 2495; x_wconf 94' lang='lat'><em>·</em></span> <span class='ocrx_word' id='word_1_328' title='bbox 1213 2474 1282 2520; x_wconf 89' lang='lat' dir='ltr'><strong>non</strong></span> <span class='ocrx_word' id='word_1_329' title='bbox 1303 2453 1416 2520; x_wconf 87' lang='lat' dir='ltr'><strong>solent</strong></span> <span class='ocrx_word' id='word_1_330' title='bbox 1437 2475 1517 2520; x_wconf 90' lang='lat' dir='ltr'><strong>esse</strong></span> <span class='ocrx_word' id='word_1_331' title='bbox 1538 2455 1636 2541; x_wconf 86' lang='lat' dir='ltr'><strong>grati.</strong></span> 
     </span>
     <span class='ocr_line' id='line_1_27' title="bbox 206 2539 2198 2628; baseline 0 -22"><span class='ocrx_word' id='word_1_332' title='bbox 206 2576 213 2586; x_wconf 88' lang='lat'>·</span> <span class='ocrx_word' id='word_1_333' title='bbox 1227 2561 1229 2564; x_wconf 89' lang='lat'>·</span> <span class='ocrx_word' id='word_1_334' title='bbox 1301 2539 1434 2606; x_wconf 89' lang='lat' dir='ltr'><strong>Gerson</strong></span> <span class='ocrx_word' id='word_1_335' title='bbox 1452 2543 1572 2628; x_wconf 88' lang='lat' dir='ltr'><strong>inquit:</strong></span> <span class='ocrx_word' id='word_1_336' title='bbox 1618 2541 1726 2607; x_wconf 80' lang='lat' dir='ltr'><strong>Multo</strong></span> <span class='ocrx_word' id='word_1_337' title='bbox 1750 2543 1865 2625; x_wconf 83' lang='lat' dir='ltr'><strong>plures</strong></span> <span class='ocrx_word' id='word_1_338' title='bbox 1885 2560 1956 2607; x_wconf 83' lang='lat' dir='ltr'><strong>ease</strong></span> <span class='ocrx_word' id='word_1_339' title='bbox 1974 2540 2107 2626; x_wconf 79' lang='lat' dir='ltr'><strong>pretias</strong></span> <span class='ocrx_word' id='word_1_340' title='bbox 2125 2541 2198 2625; x_wconf 83' lang='lat' dir='ltr'><strong>pri·</strong></span> 
     </span>
     <span class='ocr_line' id='line_1_28' title="bbox 1211 2623 2199 2714; baseline -0.002 -20"><span class='ocrx_word' id='word_1_341' title='bbox 1211 2629 1361 2707; x_wconf 69' lang='lat' dir='ltr'><strong>auduus,</strong></span> <span class='ocrx_word' id='word_1_342' title='bbox 1383 2648 1480 2713; x_wconf 71' lang='lat' dir='ltr'><strong>quom</strong></span> <span class='ocrx_word' id='word_1_343' title='bbox 1499 2629 1678 2712; x_wconf 80' lang='lat' dir='ltr'><strong>positivus:</strong></span> <span class='ocrx_word' id='word_1_344' title='bbox 1705 2629 1740 2695; x_wconf 91' lang='lat' dir='ltr'><strong>id</strong></span> <span class='ocrx_word' id='word_1_345' title='bbox 1770 2638 1840 2708; x_wconf 91' lang='lat' dir='ltr'><strong>est,</strong></span> <span class='ocrx_word' id='word_1_346' title='bbox 1867 2648 2068 2714; x_wconf 90' lang='lat' dir='ltr'><strong>quamquam</strong></span> <span class='ocrx_word' id='word_1_347' title='bbox 2094 2623 2199 2697; x_wconf 87' lang='lat' dir='ltr'><strong>multa</strong></span> 
     </span>
     <span class='ocr_line' id='line_1_29' title="bbox 476 2711 2197 2801; baseline -0.002 -17"><span class='ocrx_word' id='word_1_348' title='bbox 476 2757 479 2762; x_wconf 92' lang='lat'><em>-</em></span> <span class='ocrx_word' id='word_1_349' title='bbox 1213 2715 1304 2781; x_wconf 88' lang='lat' dir='ltr'><strong>bona</strong></span> <span class='ocrx_word' id='word_1_350' title='bbox 1319 2714 1493 2800; x_wconf 88' lang='lat' dir='ltr'><strong>accepisti,</strong></span> <span class='ocrx_word' id='word_1_351' title='bbox 1514 2734 1600 2801; x_wconf 82' lang='lat' dir='ltr'><strong>quae</strong></span> <span class='ocrx_word' id='word_1_352' title='bbox 1622 2726 1701 2782; x_wconf 87' lang='lat' dir='ltr'><strong>sunt</strong></span> <span class='ocrx_word' id='word_1_353' title='bbox 1721 2716 1874 2801; x_wconf 85' lang='lat' dir='ltr'><strong>positiva,</strong></span> <span class='ocrx_word' id='word_1_354' title='bbox 1895 2716 2014 2787; x_wconf 87' lang='lat' dir='ltr'><strong>idest,</strong></span> <span class='ocrx_word' id='word_1_355' title='bbox 2036 2725 2116 2779; x_wconf 88' lang='lat' dir='ltr'><strong>sunt</strong></span> <span class='ocrx_word' id='word_1_356' title='bbox 2138 2711 2197 2780; x_wconf 87' lang='lat' dir='ltr'><strong>ali·</strong></span> 
     </span>
     <span class='ocr_line' id='line_1_30' title="bbox 349 2786 2198 2902; baseline -0.003 -28"><span class='ocrx_word' id='word_1_357' title='bbox 349 2787 538 2874; x_wconf 83' lang='lat' dir='ltr'><strong>Orastine</strong></span> <span class='ocrx_word' id='word_1_358' title='bbox 567 2788 691 2873; x_wconf 88' lang='lat' dir='ltr'><strong>hodie</strong></span> <span class='ocrx_word' id='word_1_359' title='bbox 722 2786 993 2902; x_wconf 84' lang='lat' dir='ltr'><strong>Symbolum?</strong></span> <span class='ocrx_word' id='word_1_360' title='bbox 1023 2816 1027 2827; x_wconf 76' lang='grc'><em>’</em></span> <span class='ocrx_word' id='word_1_361' title='bbox 1213 2802 1304 2889; x_wconf 80' lang='lat' dir='ltr'><strong>quta,</strong></span> <span class='ocrx_word' id='word_1_362' title='bbox 1326 2814 1363 2867; x_wconf 86' lang='lat' dir='ltr'><strong>ut</strong></span> <span class='ocrx_word' id='word_1_363' title='bbox 1385 2801 1639 2887; x_wconf 81' lang='lat' dir='ltr'><strong>patrimonium,</strong></span> <span class='ocrx_word' id='word_1_364' title='bbox 1668 2820 1794 2886; x_wconf 81' lang='lat' dir='ltr'><strong>corpus</strong></span> <span class='ocrx_word' id='word_1_365' title='bbox 1816 2821 1957 2880; x_wconf 79' lang='lat' dir='ltr'><strong>sonum,</strong></span> <span class='ocrx_word' id='word_1_366' title='bbox 1990 2811 2053 2867; x_wconf 83' lang='lat' dir='ltr'><strong>etc.</strong></span> <span class='ocrx_word' id='word_1_367' title='bbox 2086 2811 2198 2869; x_wconf 76' lang='lat' dir='ltr'><strong>umen</strong></span> 
     </span>
     <span class='ocr_line' id='line_1_31' title="bbox 992 2885 2199 2968; baseline -0.002 -11"><span class='ocrx_word' id='word_1_368' title='bbox 992 2953 995 2957; x_wconf 79' lang='lat'><strong>.</strong></span> <span class='ocrx_word' id='word_1_369' title='bbox 1175 2944 1179 2950; x_wconf 87' lang='lat'><strong>.</strong></span> <span class='ocrx_word' id='word_1_370' title='bbox 1212 2885 1317 2954; x_wconf 90' lang='lat' dir='ltr'><strong>multo</strong></span> <span class='ocrx_word' id='word_1_371' title='bbox 1338 2888 1465 2953; x_wconf 87' lang='lat' dir='ltr'><strong>maiora</strong></span> <span class='ocrx_word' id='word_1_372' title='bbox 1487 2900 1564 2954; x_wconf 82' lang='lat' dir='ltr'><strong>sunt</strong></span> <span class='ocrx_word' id='word_1_373' title='bbox 1598 2887 1753 2968; x_wconf 87' lang='lat' dir='ltr'><strong>defendi,</strong></span> <span class='ocrx_word' id='word_1_374' title='bbox 1782 2908 1826 2953; x_wconf 92' lang='lat' dir='ltr'><strong>ne</strong></span> <span class='ocrx_word' id='word_1_375' title='bbox 1854 2888 2040 2965; x_wconf 90' lang='lat' dir='ltr'><strong>occidaris,</strong></span> <span class='ocrx_word' id='word_1_376' title='bbox 2072 2897 2131 2955; x_wconf 91' lang='lat' dir='ltr'><strong>aut</strong></span> <span class='ocrx_word' id='word_1_377' title='bbox 2161 2887 2199 2954; x_wconf 86' lang='lat' dir='ltr'><strong>in</strong></span> 
     </span>
     <span class='ocr_line' id='line_1_32' title="bbox 263 2963 2196 3061; baseline 0 -22"><span class='ocrx_word' id='word_1_378' title='bbox 263 2973 398 3048; x_wconf 82' lang='lat' dir='ltr'><strong>Quanta</strong></span> <span class='ocrx_word' id='word_1_379' title='bbox 419 2985 472 3040; x_wconf 89' lang='lat' dir='ltr'><strong>est</strong></span> <span class='ocrx_word' id='word_1_380' title='bbox 493 2972 709 3061; x_wconf 75' lang='lat' dir='ltr'><strong>ingratitudo,</strong></span> <span class='ocrx_word' id='word_1_381' title='bbox 732 2973 822 3059; x_wconf 87' lang='lat' dir='ltr'><strong>quod</strong></span> <span class='ocrx_word' id='word_1_382' title='bbox 839 2968 931 3038; x_wconf 89' lang='lat' dir='ltr'><strong>multi</strong></span> <span class='ocrx_word' id='word_1_383' title='bbox 955 2993 998 3039; x_wconf 92' lang='lat' dir='ltr'><strong>ne</strong></span> <span class='ocrx_word' id='word_1_384' title='bbox 1019 2973 1162 3040; x_wconf 90' lang='lat' dir='ltr'><strong>recitant</strong></span> <span class='ocrx_word' id='word_1_385' title='bbox 1212 2972 1391 3041; x_wconf 84' lang='lat' dir='ltr'><strong>horribiles</strong></span> <span class='ocrx_word' id='word_1_386' title='bbox 1413 2975 1552 3042; x_wconf 90' lang='lat' dir='ltr'><strong>morbos</strong></span> <span class='ocrx_word' id='word_1_387' title='bbox 1573 2963 1715 3053; x_wconf 80' lang='lat' dir='ltr'><strong>incidas,</strong></span> <span class='ocrx_word' id='word_1_388' title='bbox 1726 2985 1764 3040; x_wconf 89' lang='lat' dir='ltr'><strong>ut</strong></span> <span class='ocrx_word' id='word_1_389' title='bbox 1775 2971 1975 3041; x_wconf 88' lang='lat' dir='ltr'><strong>comitialem</strong></span> <span class='ocrx_word' id='word_1_390' title='bbox 1993 2969 2196 3056; x_wconf 84' lang='lat' dir='ltr'><strong>autleptam.</strong></span> 
     </span>
     <span class='ocr_line' id='line_1_33' title="bbox 177 3057 2198 3148; baseline 0 -22"><span class='ocrx_word' id='word_1_391' title='bbox 177 3060 311 3148; x_wconf 89' lang='lat' dir='ltr'><strong>quidem</strong></span> <span class='ocrx_word' id='word_1_392' title='bbox 343 3057 563 3140; x_wconf 89' lang='lat' dir='ltr'><strong>Smbolum,</strong></span> <span class='ocrx_word' id='word_1_393' title='bbox 594 3058 698 3127; x_wconf 90' lang='lat' dir='ltr'><strong>multo</strong></span> <span class='ocrx_word' id='word_1_394' title='bbox 732 3061 841 3126; x_wconf 87' lang='lat' dir='ltr'><strong>minus</strong></span> <span class='ocrx_word' id='word_1_395' title='bbox 881 3072 1072 3147; x_wconf 88' lang='lat' dir='ltr'><strong>agnoscunt</strong></span> <span class='ocrx_word' id='word_1_396' title='bbox 1102 3057 1161 3127; x_wconf 90' lang='lat' dir='ltr'><strong>illa</strong></span> <span class='ocrx_word' id='word_1_397' title='bbox 1213 3058 1467 3129; x_wconf 83' lang='lat' dir='ltr'><strong>innumerabilia</strong></span> <span class='ocrx_word' id='word_1_398' title='bbox 1489 3072 1568 3126; x_wconf 88' lang='lat' dir='ltr'><strong>sunt</strong></span> <span class='ocrx_word' id='word_1_399' title='bbox 1588 3059 1753 3127; x_wconf 84' lang='lat' dir='ltr'><strong>beneficia</strong></span> <span class='ocrx_word' id='word_1_400' title='bbox 1772 3060 1853 3144; x_wconf 91' lang='lat' dir='ltr'><strong>Dei,</strong></span> <span class='ocrx_word' id='word_1_401' title='bbox 1882 3081 1970 3148; x_wconf 87' lang='lat' dir='ltr'><strong>quae</strong></span> <span class='ocrx_word' id='word_1_402' title='bbox 1998 3080 2066 3126; x_wconf 87' lang='lat' dir='ltr'><strong>non</strong></span> <span class='ocrx_word' id='word_1_403' title='bbox 2089 3058 2198 3126; x_wconf 87' lang='lat' dir='ltr'><strong>cerui·</strong></span> 
     </span>
     <span class='ocr_line' id='line_1_34' title="bbox 175 3083 2197 3235; baseline -0 -22"><span class='ocrx_word' id='word_1_404' title='bbox 175 3148 339 3213; x_wconf 89' lang='lat' dir='ltr'><strong>immensa</strong></span> <span class='ocrx_word' id='word_1_405' title='bbox 370 3083 558 3224; x_wconf 73' lang='lat' dir='ltr'><strong>laneficio,</strong></span> <span class='ocrx_word' id='word_1_406' title='bbox 626 3166 689 3213; x_wconf 90' lang='lat' dir='ltr'><strong>uae</strong></span> <span class='ocrx_word' id='word_1_407' title='bbox 729 3160 808 3213; x_wconf 87' lang='lat' dir='ltr'><strong>sunt</strong></span> <span class='ocrx_word' id='word_1_408' title='bbox 851 3167 925 3212; x_wconf 85' lang='lat' dir='ltr'><strong>com</strong></span> <span class='ocrx_word' id='word_1_409' title='bbox 950 3146 1095 3214; x_wconf 87' lang='lat' dir='ltr'><strong>rehensa</strong></span> <span class='ocrx_word' id='word_1_410' title='bbox 1127 3149 1161 3214; x_wconf 91' lang='lat' dir='ltr'><strong>in</strong></span> <span class='ocrx_word' id='word_1_411' title='bbox 1213 3168 1305 3231; x_wconf 91' lang='lat' dir='ltr'><strong>mus,</strong></span> <span class='ocrx_word' id='word_1_412' title='bbox 1335 3168 1411 3213; x_wconf 91' lang='lat' dir='ltr'><strong>cum</strong></span> <span class='ocrx_word' id='word_1_413' title='bbox 1439 3145 1596 3214; x_wconf 84' lang='lat' dir='ltr'><strong>videlicet</strong></span> <span class='ocrx_word' id='word_1_414' title='bbox 1621 3149 1828 3235; x_wconf 83' lang='lat' dir='ltr'><strong>protegimur</strong></span> <span class='ocrx_word' id='word_1_415' title='bbox 1856 3145 2012 3214; x_wconf 87' lang='lat' dir='ltr'><strong>arnultis</strong></span> <span class='ocrx_word' id='word_1_416' title='bbox 2040 3142 2142 3211; x_wconf 87' lang='lat' dir='ltr'><strong>malis</strong></span> <span class='ocrx_word' id='word_1_417' title='bbox 2163 3155 2197 3212; x_wconf 92' lang='lat' dir='ltr'><strong>et</strong></span> 
     </span>
     <span class='ocr_line' id='line_1_35' title="bbox 177 3229 2196 3322; baseline 0 -22"><span class='ocrx_word' id='word_1_418' title='bbox 177 3231 344 3321; x_wconf 83' lang='lat' dir='ltr'><strong>symbolo,</strong></span> <span class='ocrx_word' id='word_1_419' title='bbox 367 3254 431 3299; x_wconf 93' lang='lat' dir='ltr'><strong>nec</strong></span> <span class='ocrx_word' id='word_1_420' title='bbox 448 3255 510 3320; x_wconf 89' lang='lat' dir='ltr'><strong>pro</strong></span> <span class='ocrx_word' id='word_1_421' title='bbox 532 3230 600 3300; x_wconf 87' lang='lat' dir='ltr'><strong>illis</strong></span> <span class='ocrx_word' id='word_1_422' title='bbox 640 3253 777 3299; x_wconf 84' lang='lat' dir='ltr'><strong>onorem</strong></span> <span class='ocrx_word' id='word_1_423' title='bbox 806 3233 909 3299; x_wconf 89' lang='lat' dir='ltr'><strong>habet</strong></span> <span class='ocrx_word' id='word_1_424' title='bbox 964 3253 1020 3300; x_wconf 82' lang='lat' dir='ltr'><strong>eo:</strong></span> <span class='ocrx_word' id='word_1_425' title='bbox 1043 3233 1161 3301; x_wconf 77' lang='lat' dir='ltr'><strong>recita·</strong></span> <span class='ocrx_word' id='word_1_426' title='bbox 1212 3232 1605 3320; x_wconf 85' lang='lat' dir='ltr'><strong>periculis,saepeetiam</strong></span> <span class='ocrx_word' id='word_1_427' title='bbox 1622 3236 1720 3300; x_wconf 84' lang='lat' dir='ltr'><strong>uobis</strong></span> <span class='ocrx_word' id='word_1_428' title='bbox 1738 3236 1976 3322; x_wconf 86' lang='lat' dir='ltr'><strong>ignorantibus.</strong></span> <span class='ocrx_word' id='word_1_429' title='bbox 2009 3232 2046 3297; x_wconf 90' lang='lat' dir='ltr'><strong>ln</strong></span> <span class='ocrx_word' id='word_1_430' title='bbox 2059 3229 2196 3300; x_wconf 87' lang='lat' dir='ltr'><strong>Psalmo</strong></span> 
     </span>
     <span class='ocr_line' id='line_1_36' title="bbox 175 3316 2198 3408; baseline 0 -22"><span class='ocrx_word' id='word_1_431' title='bbox 175 3321 224 3386; x_wconf 89' lang='lat' dir='ltr'><strong>tio</strong></span> <span class='ocrx_word' id='word_1_432' title='bbox 247 3322 393 3387; x_wconf 86' lang='lat' dir='ltr'><strong>debebat</strong></span> <span class='ocrx_word' id='word_1_433' title='bbox 425 3340 504 3387; x_wconf 86' lang='lat' dir='ltr'><strong>esse</strong></span> <span class='ocrx_word' id='word_1_434' title='bbox 537 3316 711 3386; x_wconf 80' lang='lat' dir='ltr'><strong>confessio</strong></span> <span class='ocrx_word' id='word_1_435' title='bbox 734 3321 958 3406; x_wconf 87' lang='lat' dir='ltr'><strong>gratitudinis.</strong></span> <span class='ocrx_word' id='word_1_436' title='bbox 1003 3320 1091 3395; x_wconf 86' lang='lat' dir='ltr'><strong>Quid</strong></span> <span class='ocrx_word' id='word_1_437' title='bbox 1101 3320 1161 3408; x_wconf 89' lang='lat' dir='ltr'><strong>igi·</strong></span> <span class='ocrx_word' id='word_1_438' title='bbox 1214 3322 1347 3388; x_wconf 89' lang='lat' dir='ltr'><strong>dicitur:</strong></span> <span class='ocrx_word' id='word_1_439' title='bbox 1392 3319 1471 3386; x_wconf 88' lang='lat' dir='ltr'><strong>Non</strong></span> <span class='ocrx_word' id='word_1_440' title='bbox 1496 3322 1575 3386; x_wconf 63' lang='lat' dir='ltr'><strong>nota</strong></span> <span class='ocrx_word' id='word_1_441' title='bbox 1600 3322 1819 3387; x_wconf 63' lang='lat' dir='ltr'><strong>&amp;tarataram</strong></span> <span class='ocrx_word' id='word_1_442' title='bbox 1862 3321 1998 3387; x_wconf 79' lang='lat' dir='ltr'><strong>Dormit</strong></span> <span class='ocrx_word' id='word_1_443' title='bbox 2019 3319 2123 3385; x_wconf 75' lang='lat' dir='ltr'><strong>labem</strong></span> <span class='ocrx_word' id='word_1_444' title='bbox 2143 3320 2198 3386; x_wconf 74' lang='lat' dir='ltr'><strong>die</strong></span> 
     </span>
     <span class='ocr_line' id='line_1_37' title="bbox 175 3405 2197 3494; baseline 0 -22"><span class='ocrx_word' id='word_1_445' title='bbox 175 3416 230 3472; x_wconf 91' lang='lat' dir='ltr'><strong>tur</strong></span> <span class='ocrx_word' id='word_1_446' title='bbox 252 3408 419 3493; x_wconf 83' lang='lat' dir='ltr'><strong>profiteris</strong></span> <span class='ocrx_word' id='word_1_447' title='bbox 440 3417 474 3472; x_wconf 90' lang='lat' dir='ltr'><strong>te</strong></span> <span class='ocrx_word' id='word_1_448' title='bbox 496 3406 649 3472; x_wconf 83' lang='lat' dir='ltr'><strong>beneficii</strong></span> <span class='ocrx_word' id='word_1_449' title='bbox 671 3409 860 3491; x_wconf 81' lang='lat' dir='ltr'><strong>accepisse,</strong></span> <span class='ocrx_word' id='word_1_450' title='bbox 904 3406 1013 3473; x_wconf 87' lang='lat' dir='ltr'><strong>nando</strong></span> <span class='ocrx_word' id='word_1_451' title='bbox 1037 3407 1161 3472; x_wconf 85' lang='lat' dir='ltr'><strong>recitas</strong></span> <span class='ocrx_word' id='word_1_452' title='bbox 1213 3407 1357 3472; x_wconf 79' lang='lat' dir='ltr'><strong>Mrirtclte</strong></span> <span class='ocrx_word' id='word_1_453' title='bbox 1388 3408 1422 3471; x_wconf 92' lang='lat' dir='ltr'><strong>in</strong></span> <span class='ocrx_word' id='word_1_454' title='bbox 1455 3408 1585 3473; x_wconf 89' lang='lat' dir='ltr'><strong>scitiam</strong></span> <span class='ocrx_word' id='word_1_455' title='bbox 1618 3407 1818 3494; x_wconf 77' lang='lat' dir='ltr'><strong>confirmirt,</strong></span> <span class='ocrx_word' id='word_1_456' title='bbox 1852 3429 1887 3473; x_wconf 90' lang='lat' dir='ltr'><strong>es</strong></span> <span class='ocrx_word' id='word_1_457' title='bbox 1918 3410 1982 3474; x_wconf 87' lang='lat' dir='ltr'><strong>solt</strong></span> <span class='ocrx_word' id='word_1_458' title='bbox 2003 3426 2095 3491; x_wconf 74' lang='lat' dir='ltr'><strong>sepit:</strong></span> <span class='ocrx_word' id='word_1_459' title='bbox 2118 3405 2197 3473; x_wconf 82' lang='lat' dir='ltr'><strong>Non</strong></span> 
     </span>
     <span class='ocr_line' id='line_1_38' title="bbox 73 3493 2196 3581; baseline 0.001 -27"><span class='ocrx_word' id='word_1_460' title='bbox 73 3544 75 3548; x_wconf 14' lang='grc' dir='ltr'><em>Α</em></span> <span class='ocrx_word' id='word_1_461' title='bbox 177 3493 395 3581; x_wconf 78' lang='lat' dir='ltr'><strong>Symbolum?</strong></span> <span class='ocrx_word' id='word_1_462' title='bbox 438 3493 506 3559; x_wconf 86' lang='lat' dir='ltr'><strong>larn</strong></span> <span class='ocrx_word' id='word_1_463' title='bbox 529 3513 597 3557; x_wconf 90' lang='lat' dir='ltr'><strong>non</strong></span> <span class='ocrx_word' id='word_1_464' title='bbox 619 3494 695 3559; x_wconf 91' lang='lat' dir='ltr'><strong>dico</strong></span> <span class='ocrx_word' id='word_1_465' title='bbox 716 3493 758 3557; x_wconf 90' lang='lat' dir='ltr'><strong>de</strong></span> <span class='ocrx_word' id='word_1_466' title='bbox 781 3513 887 3558; x_wconf 90' lang='lat' dir='ltr'><strong>conso</strong></span> <span class='ocrx_word' id='word_1_467' title='bbox 922 3493 1096 3572; x_wconf 89' lang='lat' dir='ltr'><strong>tione,sed</strong></span> <span class='ocrx_word' id='word_1_468' title='bbox 1119 3495 1162 3559; x_wconf 88' lang='lat' dir='ltr'><strong>de</strong></span> <span class='ocrx_word' id='word_1_469' title='bbox 1210 3513 1342 3577; x_wconf 82' lang='lat' dir='ltr'><strong>possum</strong></span> <span class='ocrx_word' id='word_1_470' title='bbox 1352 3493 1632 3578; x_wconf 66' lang='lat' dir='ltr'><strong>numoeure3quia</strong></span> <span class='ocrx_word' id='word_1_471' title='bbox 1642 3495 1768 3578; x_wconf 67' lang='lat' dir='ltr'><strong>sophor</strong></span> <span class='ocrx_word' id='word_1_472' title='bbox 1778 3495 1965 3566; x_wconf 83' lang='lat' dir='ltr'><strong>Hebraeum</strong></span> <span class='ocrx_word' id='word_1_473' title='bbox 1983 3493 2066 3558; x_wconf 80' lang='lat' dir='ltr'><strong>beist</strong></span> <span class='ocrx_word' id='word_1_474' title='bbox 2075 3493 2196 3558; x_wconf 80' lang='lat' dir='ltr'><strong>schrei-</strong></span> 
     </span>
     <span class='ocr_line' id='line_1_39' title="bbox 177 3578 2212 3667; baseline -0.001 -22"><span class='ocrx_word' id='word_1_475' title='bbox 177 3579 350 3647; x_wconf 81' lang='lat' dir='ltr'><strong>beneficiis</strong></span> <span class='ocrx_word' id='word_1_476' title='bbox 371 3578 446 3646; x_wconf 90' lang='lat' dir='ltr'><strong>Dei.</strong></span> <span class='ocrx_word' id='word_1_477' title='bbox 493 3580 638 3645; x_wconf 88' lang='lat' dir='ltr'><strong>Primum</strong></span> <span class='ocrx_word' id='word_1_478' title='bbox 661 3581 803 3645; x_wconf 87' lang='lat' dir='ltr'><strong>omnium</strong></span> <span class='ocrx_word' id='word_1_479' title='bbox 826 3580 928 3644; x_wconf 88' lang='lat' dir='ltr'><strong>debes</strong></span> <span class='ocrx_word' id='word_1_480' title='bbox 951 3583 1101 3667; x_wconf 89' lang='lat' dir='ltr'><strong>cogitare</strong></span> <span class='ocrx_word' id='word_1_481' title='bbox 1118 3581 1160 3646; x_wconf 88' lang='lat' dir='ltr'><strong>dc</strong></span> <span class='ocrx_word' id='word_1_482' title='bbox 1213 3581 1274 3645; x_wconf 86' lang='lat' dir='ltr'><strong>ben</strong></span> <span class='ocrx_word' id='word_1_483' title='bbox 1294 3581 1361 3645; x_wconf 82' lang='lat' dir='ltr'><strong>und</strong></span> <span class='ocrx_word' id='word_1_484' title='bbox 1381 3581 1498 3645; x_wconf 84' lang='lat' dir='ltr'><strong>zellen.</strong></span> <span class='ocrx_word' id='word_1_485' title='bbox 1541 3580 1616 3644; x_wconf 85' lang='lat' dir='ltr'><strong>Der</strong></span> <span class='ocrx_word' id='word_1_486' title='bbox 1636 3582 1802 3667; x_wconf 82' lang='lat' dir='ltr'><strong>interpres</strong></span> <span class='ocrx_word' id='word_1_487' title='bbox 1823 3583 1905 3647; x_wconf 85' lang='lat' dir='ltr'><strong>solte</strong></span> <span class='ocrx_word' id='word_1_488' title='bbox 1925 3581 1997 3646; x_wconf 83' lang='lat' dir='ltr'><strong>hier</strong></span> <span class='ocrx_word' id='word_1_489' title='bbox 2014 3578 2122 3644; x_wconf 80' lang='lat' dir='ltr'><strong>zeblen</strong></span> <span class='ocrx_word' id='word_1_490' title='bbox 2139 3598 2212 3664; x_wconf 74' lang='lat' dir='ltr'><strong>pe·-</strong></span> 
     </span>
     <span class='ocr_line' id='line_1_40' title="bbox 177 3663 2094 3751; baseline -0.001 -20"><span class='ocrx_word' id='word_1_491' title='bbox 177 3666 341 3732; x_wconf 81' lang='lat' dir='ltr'><strong>beneflcio</strong></span> <span class='ocrx_word' id='word_1_492' title='bbox 364 3663 613 3751; x_wconf 78' lang='lat' dir='ltr'><strong>patefactionis,</strong></span> <span class='ocrx_word' id='word_1_493' title='bbox 643 3667 738 3731; x_wconf 90' lang='lat' dir='ltr'><strong>cuius</strong></span> <span class='ocrx_word' id='word_1_494' title='bbox 766 3685 847 3751; x_wconf 89' lang='lat' dir='ltr'><strong>pars</strong></span> <span class='ocrx_word' id='word_1_495' title='bbox 872 3674 926 3730; x_wconf 90' lang='lat' dir='ltr'><strong>est</strong></span> <span class='ocrx_word' id='word_1_496' title='bbox 954 3668 1079 3732; x_wconf 87' lang='lat' dir='ltr'><strong>creatio</strong></span> <span class='ocrx_word' id='word_1_497' title='bbox 1109 3686 1160 3731; x_wconf 91' lang='lat' dir='ltr'><strong>re·</strong></span> <span class='ocrx_word' id='word_1_498' title='bbox 1212 3667 1320 3733; x_wconf 81' lang='lat' dir='ltr'><strong>nocht</strong></span> <span class='ocrx_word' id='word_1_499' title='bbox 1339 3664 1453 3732; x_wconf 71' lang='lat' dir='ltr'><strong>habea</strong></span> <span class='ocrx_word' id='word_1_500' title='bbox 2088 3708 2094 3714; x_wconf 88' lang='lat'><em>-</em></span> 
     </span>
     <span class='ocr_line' id='line_1_41' title="bbox 176 3749 2196 3838; baseline 0 -22"><span class='ocrx_word' id='word_1_501' title='bbox 176 3773 249 3816; x_wconf 92' lang='lat' dir='ltr'><strong>rum</strong></span> <span class='ocrx_word' id='word_1_502' title='bbox 273 3755 433 3830; x_wconf 89' lang='lat' dir='ltr'><strong>omnium;</strong></span> <span class='ocrx_word' id='word_1_503' title='bbox 454 3753 532 3838; x_wconf 89' lang='lat' dir='ltr'><strong>quia</strong></span> <span class='ocrx_word' id='word_1_504' title='bbox 553 3765 588 3818; x_wconf 89' lang='lat' dir='ltr'><strong>ut</strong></span> <span class='ocrx_word' id='word_1_505' title='bbox 611 3754 800 3820; x_wconf 90' lang='lat' dir='ltr'><strong>innotescat</strong></span> <span class='ocrx_word' id='word_1_506' title='bbox 819 3750 915 3817; x_wconf 90' lang='lat' dir='ltr'><strong>Deus</strong></span> <span class='ocrx_word' id='word_1_507' title='bbox 944 3751 1081 3820; x_wconf 80' lang='lat' dir='ltr'><strong>effundit</strong></span> <span class='ocrx_word' id='word_1_508' title='bbox 1102 3754 1160 3818; x_wconf 87' lang='lat' dir='ltr'><strong>be·</strong></span> <span class='ocrx_word' id='word_1_509' title='bbox 1299 3752 1335 3817; x_wconf 94' lang='lat' dir='ltr'><strong>ln</strong></span> <span class='ocrx_word' id='word_1_510' title='bbox 1349 3749 1530 3818; x_wconf 82' lang='lat' dir='ltr'><strong>Aristotele</strong></span> <span class='ocrx_word' id='word_1_511' title='bbox 1551 3749 1608 3818; x_wconf 90' lang='lat' dir='ltr'><strong>lib.</strong></span> <span class='ocrx_word' id='word_1_512' title='bbox 1626 3752 1658 3817; x_wconf 88' lang='lat'><strong>5.</strong></span> <span class='ocrx_word' id='word_1_513' title='bbox 1692 3750 1899 3833; x_wconf 88' lang='lat' dir='ltr'><strong>Ethicomm,</strong></span> <span class='ocrx_word' id='word_1_514' title='bbox 1922 3764 2076 3818; x_wconf 81' lang='lat' dir='ltr'><strong>narratur</strong></span> <span class='ocrx_word' id='word_1_515' title='bbox 2090 3749 2196 3817; x_wconf 88' lang='lat' dir='ltr'><strong>Grac-</strong></span> 
     </span>
     <span class='ocr_line' id='line_1_42' title="bbox 175 3837 2194 3925; baseline 0 -22"><span class='ocrx_word' id='word_1_516' title='bbox 175 3837 296 3905; x_wconf 88' lang='lat' dir='ltr'><strong>nelicia</strong></span> <span class='ocrx_word' id='word_1_517' title='bbox 319 3841 507 3911; x_wconf 88' lang='lat' dir='ltr'><strong>creationis,</strong></span> <span class='ocrx_word' id='word_1_518' title='bbox 530 3840 731 3918; x_wconf 87' lang='lat' dir='ltr'><strong>nutritionis,</strong></span> <span class='ocrx_word' id='word_1_519' title='bbox 755 3839 991 3925; x_wconf 87' lang='lat' dir='ltr'><strong>protectionis,</strong></span> <span class='ocrx_word' id='word_1_520' title='bbox 1020 3852 1053 3903; x_wconf 89' lang='lat' dir='ltr'><strong>et</strong></span> <span class='ocrx_word' id='word_1_521' title='bbox 1081 3860 1160 3905; x_wconf 92' lang='lat' dir='ltr'><strong>con·</strong></span> <span class='ocrx_word' id='word_1_522' title='bbox 1213 3861 1274 3906; x_wconf 90' lang='lat' dir='ltr'><strong>cos</strong></span> <span class='ocrx_word' id='word_1_523' title='bbox 1308 3841 1502 3905; x_wconf 86' lang='lat' dir='ltr'><strong>condidisse</strong></span> <span class='ocrx_word' id='word_1_524' title='bbox 1540 3850 1606 3904; x_wconf 93' lang='lat' dir='ltr'><strong>tem</strong></span> <span class='ocrx_word' id='word_1_525' title='bbox 1631 3838 1699 3905; x_wconf 93' lang='lat' dir='ltr'><strong>lum</strong></span> <span class='ocrx_word' id='word_1_526' title='bbox 1729 3838 1854 3905; x_wconf 90' lang='lat' dir='ltr'><strong>Gratiis</strong></span> <span class='ocrx_word' id='word_1_527' title='bbox 1893 3841 1926 3904; x_wconf 89' lang='lat' dir='ltr'><strong>in</strong></span> <span class='ocrx_word' id='word_1_528' title='bbox 1958 3839 2068 3904; x_wconf 90' lang='lat' dir='ltr'><strong>media</strong></span> <span class='ocrx_word' id='word_1_529' title='bbox 2101 3839 2194 3915; x_wconf 84' lang='lat' dir='ltr'><strong>urbe.</strong></span> 
     </span>
     <span class='ocr_line' id='line_1_43' title="bbox 176 3923 2195 4014; baseline 0 -25"><span class='ocrx_word' id='word_1_530' title='bbox 176 3927 377 3991; x_wconf 82' lang='lat' dir='ltr'><strong>servationis</strong></span> <span class='ocrx_word' id='word_1_531' title='bbox 400 3927 507 4004; x_wconf 87' lang='lat' dir='ltr'><strong>vitae,</strong></span> <span class='ocrx_word' id='word_1_532' title='bbox 528 3926 604 3990; x_wconf 91' lang='lat' dir='ltr'><strong>item</strong></span> <span class='ocrx_word' id='word_1_533' title='bbox 634 3926 779 3991; x_wconf 89' lang='lat' dir='ltr'><strong>omnium</strong></span> <span class='ocrx_word' id='word_1_534' title='bbox 809 3925 972 3990; x_wconf 91' lang='lat' dir='ltr'><strong>bonorum</strong></span> <span class='ocrx_word' id='word_1_535' title='bbox 1001 3947 1160 4011; x_wconf 88' lang='lat' dir='ltr'><strong>corpora·</strong></span> <span class='ocrx_word' id='word_1_536' title='bbox 1214 3923 1400 3992; x_wconf 89' lang='lat' dir='ltr'><strong>Voluerunt</strong></span> <span class='ocrx_word' id='word_1_537' title='bbox 1422 3946 1597 3990; x_wconf 90' lang='lat' dir='ltr'><strong>commone</strong></span> <span class='ocrx_word' id='word_1_538' title='bbox 1612 3947 1712 3992; x_wconf 86' lang='lat' dir='ltr'><strong>acere</strong></span> <span class='ocrx_word' id='word_1_539' title='bbox 1741 3928 1783 3991; x_wconf 90' lang='lat' dir='ltr'><strong>de</strong></span> <span class='ocrx_word' id='word_1_540' title='bbox 1805 3926 2005 4014; x_wconf 85' lang='lat' dir='ltr'><strong>gratitudine</strong></span> <span class='ocrx_word' id='word_1_541' title='bbox 2026 3925 2195 4003; x_wconf 71' lang='lat' dir='ltr'><strong>homines,</strong></span> 
     </span>
     <span class='ocr_line' id='line_1_44' title="bbox 175 4008 2196 4100; baseline 0 -24"><span class='ocrx_word' id='word_1_542' title='bbox 175 4008 267 4077; x_wconf 94' lang='lat' dir='ltr'><strong>lium.</strong></span> <span class='ocrx_word' id='word_1_543' title='bbox 319 4013 444 4077; x_wconf 81' lang='lat' dir='ltr'><strong>l‘ostea</strong></span> <span class='ocrx_word' id='word_1_544' title='bbox 472 4013 623 4096; x_wconf 87' lang='lat' dir='ltr'><strong>sequitur</strong></span> <span class='ocrx_word' id='word_1_545' title='bbox 651 4009 733 4077; x_wconf 92' lang='lat' dir='ltr'><strong>illud</strong></span> <span class='ocrx_word' id='word_1_546' title='bbox 762 4012 946 4078; x_wconf 86' lang='lat' dir='ltr'><strong>mirandum</strong></span> <span class='ocrx_word' id='word_1_547' title='bbox 974 4034 1061 4097; x_wconf 92' lang='lat' dir='ltr'><strong>opus</strong></span> <span class='ocrx_word' id='word_1_548' title='bbox 1082 4011 1160 4092; x_wconf 91' lang='lat' dir='ltr'><strong>Dei,</strong></span> <span class='ocrx_word' id='word_1_549' title='bbox 1212 4013 1301 4100; x_wconf 87' lang='lat' dir='ltr'><strong>quod</strong></span> <span class='ocrx_word' id='word_1_550' title='bbox 1332 4023 1509 4077; x_wconf 89' lang='lat' dir='ltr'><strong>serventur</strong></span> <span class='ocrx_word' id='word_1_551' title='bbox 1537 4013 1710 4090; x_wconf 87' lang='lat' dir='ltr'><strong>divinitus,</strong></span> <span class='ocrx_word' id='word_1_552' title='bbox 1745 4024 1779 4078; x_wconf 92' lang='lat' dir='ltr'><strong>et</strong></span> <span class='ocrx_word' id='word_1_553' title='bbox 1813 4014 1901 4098; x_wconf 92' lang='lat' dir='ltr'><strong>quod</strong></span> <span class='ocrx_word' id='word_1_554' title='bbox 1933 4024 2046 4078; x_wconf 87' lang='lat' dir='ltr'><strong>mutua</strong></span> <span class='ocrx_word' id='word_1_555' title='bbox 2075 4011 2196 4077; x_wconf 88' lang='lat' dir='ltr'><strong>debeat</strong></span> 
     </span>
     <span class='ocr_line' id='line_1_45' title="bbox 175 4095 2207 4191; baseline -0.001 -27"><span class='ocrx_word' id='word_1_556' title='bbox 175 4099 291 4164; x_wconf 82' lang='lat' dir='ltr'><strong>missio</strong></span> <span class='ocrx_word' id='word_1_557' title='bbox 320 4097 405 4185; x_wconf 81' lang='lat' dir='ltr'><strong>Filii.</strong></span> <span class='ocrx_word' id='word_1_558' title='bbox 460 4096 548 4172; x_wconf 85' lang='lat' dir='ltr'><strong>Quid</strong></span> <span class='ocrx_word' id='word_1_559' title='bbox 582 4109 695 4182; x_wconf 90' lang='lat' dir='ltr'><strong>potest</strong></span> <span class='ocrx_word' id='word_1_560' title='bbox 726 4100 831 4163; x_wconf 89' lang='lat' dir='ltr'><strong>maius</strong></span> <span class='ocrx_word' id='word_1_561' title='bbox 865 4100 1026 4191; x_wconf 87' lang='lat' dir='ltr'><strong>cogitari,</strong></span> <span class='ocrx_word' id='word_1_562' title='bbox 1084 4120 1160 4165; x_wconf 88' lang='lat' dir='ltr'><strong>uam</strong></span> <span class='ocrx_word' id='word_1_563' title='bbox 1212 4120 1291 4165; x_wconf 88' lang='lat' dir='ltr'><strong>esse</strong></span> <span class='ocrx_word' id='word_1_564' title='bbox 1314 4098 1569 4166; x_wconf 86' lang='lat' dir='ltr'><strong>communicatio</strong></span> <span class='ocrx_word' id='word_1_565' title='bbox 1592 4096 1779 4165; x_wconf 85' lang='lat' dir='ltr'><strong>ciliciorum</strong></span> <span class='ocrx_word' id='word_1_566' title='bbox 1806 4101 1893 4164; x_wconf 87' lang='lat' dir='ltr'><strong>inter</strong></span> <span class='ocrx_word' id='word_1_567' title='bbox 1917 4096 2082 4164; x_wconf 88' lang='lat' dir='ltr'><strong>homines.</strong></span> <span class='ocrx_word' id='word_1_568' title='bbox 2126 4095 2207 4164; x_wconf 64' lang='lat' dir='ltr'><strong>No·x</strong></span> 
     </span>
     <span class='ocr_line' id='line_1_46' title="bbox 177 4181 2214 4271; baseline -0.001 -21"><span class='ocrx_word' id='word_1_569' title='bbox 177 4187 265 4271; x_wconf 89' lang='lat' dir='ltr'><strong>quod</strong></span> <span class='ocrx_word' id='word_1_570' title='bbox 279 4182 375 4251; x_wconf 90' lang='lat' dir='ltr'><strong>Deus</strong></span> <span class='ocrx_word' id='word_1_571' title='bbox 397 4206 436 4250; x_wconf 82' lang='lat' dir='ltr'><strong>se</strong></span> <span class='ocrx_word' id='word_1_572' title='bbox 458 4185 598 4249; x_wconf 85' lang='lat' dir='ltr'><strong>demittit</strong></span> <span class='ocrx_word' id='word_1_573' title='bbox 618 4185 661 4249; x_wconf 90' lang='lat' dir='ltr'><strong>ad</strong></span> <span class='ocrx_word' id='word_1_574' title='bbox 684 4182 772 4249; x_wconf 80' lang='lat' dir='ltr'><strong>harre</strong></span> <span class='ocrx_word' id='word_1_575' title='bbox 793 4181 1031 4250; x_wconf 76' lang='lat' dir='ltr'><strong>humilitatem?</strong></span> <span class='ocrx_word' id='word_1_576' title='bbox 1099 4206 1160 4250; x_wconf 89' lang='lat' dir='ltr'><strong>aec</strong></span> <span class='ocrx_word' id='word_1_577' title='bbox 1212 4187 1301 4250; x_wconf 88' lang='lat' dir='ltr'><strong>mina</strong></span> <span class='ocrx_word' id='word_1_578' title='bbox 1327 4184 1517 4250; x_wconf 87' lang='lat' dir='ltr'><strong>Gratiarum</strong></span> <span class='ocrx_word' id='word_1_579' title='bbox 1545 4197 1637 4250; x_wconf 88' lang='lat' dir='ltr'><strong>sunt:</strong></span> <span class='ocrx_word' id='word_1_580' title='bbox 1683 4185 1793 4252; x_wconf 88' lang='lat' dir='ltr'><strong>Prima</strong></span> <span class='ocrx_word' id='word_1_581' title='bbox 1821 4196 1963 4252; x_wconf 84' lang='lat' dir='ltr'><strong>vocatur</strong></span> <span class='ocrx_word' id='word_1_582' title='bbox 1991 4186 2132 4271; x_wconf 69' lang='lat' dir='ltr'><strong>Aptata,</strong></span> <span class='ocrx_word' id='word_1_583' title='bbox 2159 4183 2214 4248; x_wconf 90' lang='lat' dir='ltr'><strong>ld.</strong></span> 
     </span>
     <span class='ocr_line' id='line_1_47' title="bbox 176 4265 2197 4357; baseline -0 -21"><span class='ocrx_word' id='word_1_584' title='bbox 176 4272 307 4337; x_wconf 87' lang='lat' dir='ltr'><strong>bonitas</strong></span> <span class='ocrx_word' id='word_1_585' title='bbox 330 4272 396 4337; x_wconf 91' lang='lat' dir='ltr'><strong>Dei</strong></span> <span class='ocrx_word' id='word_1_586' title='bbox 418 4293 485 4336; x_wconf 91' lang='lat' dir='ltr'><strong>non</strong></span> <span class='ocrx_word' id='word_1_587' title='bbox 508 4281 620 4354; x_wconf 87' lang='lat' dir='ltr'><strong>potest</strong></span> <span class='ocrx_word' id='word_1_588' title='bbox 642 4268 820 4335; x_wconf 85' lang='lat' dir='ltr'><strong>exhauriri.</strong></span> <span class='ocrx_word' id='word_1_589' title='bbox 863 4270 974 4336; x_wconf 84' lang='lat' dir='ltr'><strong>Tertio</strong></span> <span class='ocrx_word' id='word_1_590' title='bbox 997 4274 1040 4337; x_wconf 90' lang='lat' dir='ltr'><strong>de</strong></span> <span class='ocrx_word' id='word_1_591' title='bbox 1060 4272 1161 4338; x_wconf 90' lang='lat' dir='ltr'><strong>bone·</strong></span> <span class='ocrx_word' id='word_1_592' title='bbox 1213 4284 1286 4350; x_wconf 93' lang='lat' dir='ltr'><strong>est,</strong></span> <span class='ocrx_word' id='word_1_593' title='bbox 1320 4270 1490 4337; x_wconf 83' lang='lat' dir='ltr'><strong>Beneficia</strong></span> <span class='ocrx_word' id='word_1_594' title='bbox 1523 4273 1646 4339; x_wconf 89' lang='lat' dir='ltr'><strong>debent</strong></span> <span class='ocrx_word' id='word_1_595' title='bbox 1678 4292 1757 4339; x_wconf 89' lang='lat' dir='ltr'><strong>esse</strong></span> <span class='ocrx_word' id='word_1_596' title='bbox 1784 4273 1938 4338; x_wconf 89' lang='lat' dir='ltr'><strong>honesta.</strong></span> <span class='ocrx_word' id='word_1_597' title='bbox 1982 4270 2045 4338; x_wconf 85' lang='lat' dir='ltr'><strong>Est</strong></span> <span class='ocrx_word' id='word_1_598' title='bbox 2076 4265 2197 4357; x_wconf 89' lang='lat' dir='ltr'><strong>regula</strong></span> 
     </span>
     <span class='ocr_line' id='line_1_48' title="bbox 177 4352 2194 4444; baseline 0.002 -23"><span class='ocrx_word' id='word_1_599' title='bbox 177 4357 263 4422; x_wconf 84' lang='lat' dir='ltr'><strong>liciis</strong></span> <span class='ocrx_word' id='word_1_600' title='bbox 286 4358 430 4444; x_wconf 86' lang='lat' dir='ltr'><strong>Spiritus</strong></span> <span class='ocrx_word' id='word_1_601' title='bbox 453 4357 586 4434; x_wconf 87' lang='lat' dir='ltr'><strong>Sancti,</strong></span> <span class='ocrx_word' id='word_1_602' title='bbox 617 4367 651 4420; x_wconf 90' lang='lat' dir='ltr'><strong>et</strong></span> <span class='ocrx_word' id='word_1_603' title='bbox 672 4352 874 4422; x_wconf 89' lang='lat' dir='ltr'><strong>collectione</strong></span> <span class='ocrx_word' id='word_1_604' title='bbox 896 4355 1089 4439; x_wconf 88' lang='lat' dir='ltr'><strong>Ecclesiae,</strong></span> <span class='ocrx_word' id='word_1_605' title='bbox 1118 4360 1161 4423; x_wconf 92' lang='lat' dir='ltr'><strong>de</strong></span> <span class='ocrx_word' id='word_1_606' title='bbox 1212 4359 1300 4444; x_wconf 90' lang='lat' dir='ltr'><strong>apud</strong></span> <span class='ocrx_word' id='word_1_607' title='bbox 1327 4355 1482 4424; x_wconf 83' lang='lat' dir='ltr'><strong>Paulum:</strong></span> <span class='ocrx_word' id='word_1_608' title='bbox 1517 4357 1594 4423; x_wconf 91' lang='lat' dir='ltr'><strong>Non</strong></span> <span class='ocrx_word' id='word_1_609' title='bbox 1622 4361 1848 4430; x_wconf 88' lang='lat' dir='ltr'><strong>communicas</strong></span> <span class='ocrx_word' id='word_1_610' title='bbox 1879 4357 2029 4444; x_wconf 90' lang='lat' dir='ltr'><strong>peccatis</strong></span> <span class='ocrx_word' id='word_1_611' title='bbox 2058 4355 2194 4426; x_wconf 79' lang='lat' dir='ltr'><strong>alienist</strong></span> 
     </span>
     <span class='ocr_line' id='line_1_49' title="bbox 49 4439 2196 4528; baseline 0 -20"><span class='ocrx_word' id='word_1_612' title='bbox 49 4457 60 4472; x_wconf 71' lang='grc'><em>’</em></span> <span class='ocrx_word' id='word_1_613' title='bbox 176 4445 376 4510; x_wconf 87' lang='lat' dir='ltr'><strong>remissione</strong></span> <span class='ocrx_word' id='word_1_614' title='bbox 397 4456 628 4528; x_wconf 81' lang='lat' dir='ltr'><strong>peccatorum,</strong></span> <span class='ocrx_word' id='word_1_615' title='bbox 656 4453 690 4507; x_wconf 91' lang='lat' dir='ltr'><strong>et</strong></span> <span class='ocrx_word' id='word_1_616' title='bbox 718 4439 830 4509; x_wconf 83' lang='lat' dir='ltr'><strong>futura</strong></span> <span class='ocrx_word' id='word_1_617' title='bbox 848 4446 1095 4512; x_wconf 89' lang='lat' dir='ltr'><strong>resurrectione</strong></span> <span class='ocrx_word' id='word_1_618' title='bbox 1117 4445 1161 4511; x_wconf 85' lang='lat' dir='ltr'><strong>ad</strong></span> <span class='ocrx_word' id='word_1_619' title='bbox 1212 4441 1583 4512; x_wconf 90' lang='lat' dir='ltr'><strong>Nondebemusalios</strong></span> <span class='ocrx_word' id='word_1_620' title='bbox 1610 4448 1726 4511; x_wconf 89' lang='lat' dir='ltr'><strong>iuvare</strong></span> <span class='ocrx_word' id='word_1_621' title='bbox 1753 4444 1948 4511; x_wconf 87' lang='lat' dir='ltr'><strong>inscelere.</strong></span> <span class='ocrx_word' id='word_1_622' title='bbox 1998 4445 2099 4510; x_wconf 86' lang='lat' dir='ltr'><strong>Wenn</strong></span> <span class='ocrx_word' id='word_1_623' title='bbox 2119 4461 2196 4509; x_wconf 84' lang='lat' dir='ltr'><strong>man</strong></span> 
     </span>
     <span class='ocr_line' id='line_1_50' title="bbox 176 4529 2196 4618; baseline -0.001 -22"><span class='ocrx_word' id='word_1_624' title='bbox 176 4531 277 4596; x_wconf 87' lang='lat' dir='ltr'><strong>vitam</strong></span> <span class='ocrx_word' id='word_1_625' title='bbox 299 4542 480 4597; x_wconf 90' lang='lat' dir='ltr'><strong>aeternam.</strong></span> <span class='ocrx_word' id='word_1_626' title='bbox 1212 4534 1316 4610; x_wconf 67' lang='lat' dir='ltr'><strong>weris,</strong></span> <span class='ocrx_word' id='word_1_627' title='bbox 1337 4532 1418 4597; x_wconf 82' lang='lat' dir='ltr'><strong>dass</strong></span> <span class='ocrx_word' id='word_1_628' title='bbox 1438 4531 1528 4595; x_wconf 84' lang='lat' dir='ltr'><strong>einer</strong></span> <span class='ocrx_word' id='word_1_629' title='bbox 1553 4533 1644 4597; x_wconf 67' lang='lat' dir='ltr'><strong>doen</strong></span> <span class='ocrx_word' id='word_1_630' title='bbox 1675 4532 1837 4597; x_wconf 78' lang='lat' dir='ltr'><strong>ehrliclren</strong></span> <span class='ocrx_word' id='word_1_631' title='bbox 1869 4532 1960 4618; x_wconf 74' lang='lat' dir='ltr'><strong>lniep</strong></span> <span class='ocrx_word' id='word_1_632' title='bbox 1977 4529 2111 4614; x_wconf 74' lang='lat' dir='ltr'><strong>subeat,</strong></span> <span class='ocrx_word' id='word_1_633' title='bbox 2144 4529 2196 4596; x_wconf 89' lang='lat' dir='ltr'><strong>sol</strong></span> 
     </span>
     <span class='ocr_line' id='line_1_51' title="bbox 1212 4616 2195 4684; baseline -0.001 -1"><span class='ocrx_word' id='word_1_634' title='bbox 1212 4638 1288 4683; x_wconf 87' lang='lat' dir='ltr'><strong>mon</strong></span> <span class='ocrx_word' id='word_1_635' title='bbox 1309 4618 1373 4683; x_wconf 83' lang='lat' dir='ltr'><strong>ihre</strong></span> <span class='ocrx_word' id='word_1_636' title='bbox 1400 4617 1555 4682; x_wconf 81' lang='lat' dir='ltr'><strong>zuziehen.</strong></span> <span class='ocrx_word' id='word_1_637' title='bbox 1601 4618 1646 4683; x_wconf 91' lang='lat' dir='ltr'><strong>Ut</strong></span> <span class='ocrx_word' id='word_1_638' title='bbox 1675 4616 1836 4684; x_wconf 88' lang='lat' dir='ltr'><strong>Salomon</strong></span> <span class='ocrx_word' id='word_1_639' title='bbox 1863 4620 1955 4683; x_wconf 83' lang='lat' dir='ltr'><strong>dicit:</strong></span> <span class='ocrx_word' id='word_1_640' title='bbox 1991 4620 2078 4683; x_wconf 85' lang='lat' dir='ltr'><strong>Erec</strong></span> <span class='ocrx_word' id='word_1_641' title='bbox 2105 4620 2195 4682; x_wconf 78' lang='lat' dir='ltr'><strong>inno·</strong></span> 
     </span>
     <span class='ocr_line' id='line_1_52' title="bbox 1213 4700 2194 4786; baseline 0.001 -17"><span class='ocrx_word' id='word_1_642' title='bbox 1213 4713 1332 4769; x_wconf 87' lang='lat' dir='ltr'><strong>centem</strong></span> <span class='ocrx_word' id='word_1_643' title='bbox 1355 4727 1377 4769; x_wconf 88' lang='lat' dir='ltr'><strong>u</strong></span> <span class='ocrx_word' id='word_1_644' title='bbox 1397 4711 1517 4768; x_wconf 85' lang='lat' dir='ltr'><strong>morte:</strong></span> <span class='ocrx_word' id='word_1_645' title='bbox 1541 4723 1608 4771; x_wconf 93' lang='lat' dir='ltr'><strong>non</strong></span> <span class='ocrx_word' id='word_1_646' title='bbox 1626 4716 1663 4770; x_wconf 92' lang='lat' dir='ltr'><strong>ut</strong></span> <span class='ocrx_word' id='word_1_647' title='bbox 1680 4703 1787 4771; x_wconf 87' lang='lat' dir='ltr'><strong>Cares</strong></span> <span class='ocrx_word' id='word_1_648' title='bbox 1808 4707 1843 4770; x_wconf 92' lang='lat' dir='ltr'><strong>in</strong></span> <span class='ocrx_word' id='word_1_649' title='bbox 1865 4704 2023 4770; x_wconf 86' lang='lat' dir='ltr'><strong>Graecia:</strong></span> <span class='ocrx_word' id='word_1_650' title='bbox 2055 4704 2107 4770; x_wconf 84' lang='lat' dir='ltr'><strong>lbi</strong></span> <span class='ocrx_word' id='word_1_651' title='bbox 2121 4700 2194 4786; x_wconf 81' lang='lat' dir='ltr'><strong>fus,</strong></span> 
     </span>
     <span class='ocr_line' id='line_1_53' title="bbox 177 4789 2194 4942; baseline -0.001 0"><span class='ocrx_word' id='word_1_652' title='bbox 177 4827 303 4912; x_wconf 67' lang='lat' dir='ltr'><strong>a...</strong></span> <span class='ocrx_word' id='word_1_653' title='bbox 335 4827 478 4914; x_wconf 68' lang='lat' dir='ltr'><strong>ooo</strong></span> <span class='ocrx_word' id='word_1_654' title='bbox 509 4858 707 4942; x_wconf 53' lang='lat' dir='ltr'><strong>onom</strong></span> <span class='ocrx_word' id='word_1_655' title='bbox 755 4838 874 4906; x_wconf 68' lang='lat' dir='ltr'><strong>ooo</strong></span> <span class='ocrx_word' id='word_1_656' title='bbox 992 4842 1139 4929; x_wconf 76' lang='lat' dir='ltr'><strong>oo</strong></span> <span class='ocrx_word' id='word_1_657' title='bbox 1212 4789 2194 4870; x_wconf 91' lang='lat'>¹</span> 
     </span>
     <span class='ocr_line' id='line_1_54' title="bbox 436 4961 2194 5064; baseline -0.001 -34"><span class='ocrx_word' id='word_1_658' title='bbox 436 4979 519 5044; x_wconf 64' lang='lat' dir='ltr'><strong>nrm</strong></span> <span class='ocrx_word' id='word_1_659' title='bbox 535 4976 655 5062; x_wconf 62' lang='lat' dir='ltr'><em>fecisse</em></span> <span class='ocrx_word' id='word_1_660' title='bbox 677 4979 809 5064; x_wconf 52' lang='lat' dir='ltr'><strong>misse</strong></span> <span class='ocrx_word' id='word_1_661' title='bbox 829 4978 899 5044; x_wconf 67' lang='lat'><strong>,322</strong></span> <span class='ocrx_word' id='word_1_662' title='bbox 1212 4965 1275 5031; x_wconf 80' lang='lat' dir='ltr'><strong>Eia</strong></span> <span class='ocrx_word' id='word_1_663' title='bbox 1299 4961 1458 5047; x_wconf 78' lang='lat' dir='ltr'><strong>frornmer</strong></span> <span class='ocrx_word' id='word_1_664' title='bbox 1489 4964 1674 5049; x_wconf 75' lang='lat' dir='ltr'><strong>lrr&#39;eyernon</strong></span> <span class='ocrx_word' id='word_1_665' title='bbox 1698 4967 1743 5030; x_wconf 85' lang='lat' dir='ltr'><strong>ist</strong></span> <span class='ocrx_word' id='word_1_666' title='bbox 1771 4968 1854 5031; x_wconf 65' lang='lat' dir='ltr'><strong>ullo</strong></span> <span class='ocrx_word' id='word_1_667' title='bbox 1881 4964 2086 5029; x_wconf 83' lang='lat' dir='ltr'><strong>ebr·emoerth.</strong></span> <span class='ocrx_word' id='word_1_668' title='bbox 2136 4965 2194 5029; x_wconf 89' lang='lat' dir='ltr'><strong>Se-</strong></span> 
     </span>
     <span class='ocr_line' id='line_1_55' title="bbox 1212 5050 2193 5137; baseline -0.003 -21"><span class='ocrx_word' id='word_1_669' title='bbox 1212 5052 1321 5118; x_wconf 88' lang='lat' dir='ltr'><strong>cunda</strong></span> <span class='ocrx_word' id='word_1_670' title='bbox 1343 5050 1458 5117; x_wconf 91' lang='lat' dir='ltr'><strong>Gratia</strong></span> <span class='ocrx_word' id='word_1_671' title='bbox 1479 5053 1668 5117; x_wconf 89' lang='lat' dir='ltr'><strong>nominatur</strong></span> <span class='ocrx_word' id='word_1_672' title='bbox 1689 5051 1918 5137; x_wconf 74' lang='lat' dir='ltr'><strong>Euphrosyne:</strong></span> <span class='ocrx_word' id='word_1_673' title='bbox 1944 5051 2116 5117; x_wconf 84' lang='lat' dir='ltr'><strong>Beneficia</strong></span> <span class='ocrx_word' id='word_1_674' title='bbox 2138 5051 2193 5114; x_wconf 90' lang='lat' dir='ltr'><strong>de·</strong></span> 
     </span>
     <span class='ocr_line' id='line_1_56' title="bbox 266 5133 2194 5239; baseline 0.004 -44"><span class='ocrx_word' id='word_1_675' title='bbox 266 5133 351 5198; x_wconf 88' lang='lat' dir='ltr'><strong>Sunt</strong></span> <span class='ocrx_word' id='word_1_676' title='bbox 368 5133 454 5200; x_wconf 87' lang='lat' dir='ltr'><strong>duae</strong></span> <span class='ocrx_word' id='word_1_677' title='bbox 471 5137 734 5221; x_wconf 64' lang='lat' dir='ltr'><strong>propositionem</strong></span> <span class='ocrx_word' id='word_1_678' title='bbox 752 5138 843 5221; x_wconf 89' lang='lat' dir='ltr'><strong>prior</strong></span> <span class='ocrx_word' id='word_1_679' title='bbox 865 5147 933 5201; x_wconf 81' lang='lat' dir='ltr'><strong>est:</strong></span> <span class='ocrx_word' id='word_1_680' title='bbox 957 5135 1160 5203; x_wconf 74' lang='lat' dir='ltr'><strong>conanae</strong></span> <span class='ocrx_word' id='word_1_681' title='bbox 1211 5141 1292 5206; x_wconf 91' lang='lat' dir='ltr'><strong>bent</strong></span> <span class='ocrx_word' id='word_1_682' title='bbox 1313 5155 1356 5204; x_wconf 79' lang='lat' dir='ltr'><strong>er</strong></span> <span class='ocrx_word' id='word_1_683' title='bbox 1377 5134 1541 5204; x_wconf 85' lang='lat' dir='ltr'><strong>benevolo</strong></span> <span class='ocrx_word' id='word_1_684' title='bbox 1562 5140 1673 5206; x_wconf 90' lang='lat' dir='ltr'><strong>animo</strong></span> <span class='ocrx_word' id='word_1_685' title='bbox 1693 5138 1880 5226; x_wconf 86' lang='lat' dir='ltr'><strong>proficisci:</strong></span> <span class='ocrx_word' id='word_1_686' title='bbox 1901 5139 2194 5239; x_wconf 84' lang='lat' dir='ltr'><strong>nondebentessa</strong></span> 
     </span>
    </p>
   </div>
   <div class='ocr_carea' id='block_1_3' title="bbox 329 5261 1964 5320">
    <p class='ocr_par' dir='ltr' id='par_1_3' title="bbox 329 5261 1964 5320">
     <span class='ocr_line' id='line_1_57' title="bbox 329 5261 1964 5320; baseline 0.001 -8"><span class='ocrx_word' id='word_1_687' title='bbox 329 5270 477 5314; x_wconf 69' lang='lat' dir='ltr'><strong>uenatoria</strong></span> <span class='ocrx_word' id='word_1_688' title='bbox 491 5273 573 5320; x_wconf 83' lang='lat' dir='ltr'><strong>orae.</strong></span> <span class='ocrx_word' id='word_1_689' title='bbox 587 5273 652 5316; x_wconf 74' lang='lat' dir='ltr'><strong>vor.</strong></span> <span class='ocrx_word' id='word_1_690' title='bbox 665 5271 736 5316; x_wconf 80' lang='lat' dir='ltr'><strong>xxv.</strong></span> <span class='ocrx_word' id='word_1_691' title='bbox 1929 5261 1964 5314; x_wconf 77' lang='lat' dir='ltr'><strong>te</strong></span> 
     </span>
    </p>
   </div>
   <div class='ocr_carea' id='block_1_4' title="bbox 0 0 2314 5588">
    <p class='ocr_par' dir='ltr' id='par_1_4' title="bbox 0 0 2314 5588">
     <span class='ocr_line' id='line_1_58' title="bbox 0 0 2314 5588; baseline 0 2"><span class='ocrx_word' id='word_1_692' title='bbox 0 0 2314 5588; x_wconf 95' lang='lat' dir='ltr'><strong> </strong></span> 
     </span>
    </p>
   </div>
  </div>
 </body>
</html>
