4620 5588
147 227 191 299 ts
583 171 587 177 ’
756 180 1565 307 rumamscatt’rsmemcL
1815 309 1817 314 ,
1947 233 1951 239 ’
2100 243 2145 313 ao

51 415 59 497 ‚¹
146 427 269 496 vester,
284 436 372 502 qaae
391 433 537 502 parsum
557 411 738 502 alloquitur
757 415 945 485 Ecclesiam
966 419 1119 485 omuibus
1170 416 1422 484 instrumentum
1446 428 1557 487 motus
1583 421 1618 489 iu
1639 424 1792 493 omnibu
1813 423 1999 497 edacibus.
2042 430 2100 500 Sic
2122 451 2144 498 a

12 550 15 557 -
145 503 360 588 temporibus.
1169 502 1271 569 Patre
1292 514 1327 568 et
1347 499 1431 568 Filio
1452 504 1602 590 procedit
1621 511 1751 590 πνεῦμα.

230 587 313 655 biihi
334 589 420 655 bene
439 585 561 674 placet,
582 583 873 674 quodvulgarins,
891 586 1120 654 condicitur:
1254 586 1318 653 liic
1345 587 1370 654 S
1393 591 1486 656 tritus
1513 609 1576 657 sen
1601 594 1759 682 agitatio,
1786 616 1854 663 non
1876 596 1986 665 solum
2007 600 2143 687 copulat

67 740 71 749 ,
144 673 248 737 Dedit
277 673 372 756 iopam
403 675 438 734 ia
468 692 560 736 mono
588 672 788 747 mediatorem,
815 671 971 761 intelligit
999 675 1049 741 ibi
1065 673 1119 740 Fi·
1169 671 1302 740 Patrem
1322 684 1356 740 ct
1403 671 1509 752 iliam,
1537 677 1719 746 sedetiam
1741 679 1846 749 efficit
1866 683 1899 749 in
1921 688 2018 750 nobis
2041 690 2144 752 actio·

144 757 241 836 linum
263 760 341 845 quia
363 754 419 823 ille
439 771 537 824 sonat
558 757 680 844 legem,
703 753 866 824 satisfacit
887 755 954 845 legi
953 774 1037 906 [dm
1058 777 1118 824 no·
1167 773 1231 824 nes
1253 770 1287 822 et
1305 763 1435 837 motus,
1461 750 1571 843 qualis
1598 771 1651 827 est
1670 760 1744 846 ipse
1764 759 1876 845 Deus,
1903 771 2009 838 sends
2030 783 2143 845 motus

144 845 210 925 his,
233 856 267 911 et
287 844 431 910 restituit
451 840 483 909 le
508 863 559 909 em
581 846 615 909 in
636 843 747 921 nobis,
769 852 807 908 nt
828 844 921 909 dicite
987 863 1027 906 oa
1047 847 1119 907 cesi
1167 841 1304 921 amoris,
1320 838 1476 923 laetitiae,
1491 844 1748 923 misericordiae,
1760 849 1943 920 etaliorum
1955 855 2144 938 affectuum,

144 928 264 995 aoiom
295 929 409 1013 tepent,
441 866 507 992 aa?
527 929 663 1010 impiere.
724 926 814 1001 Quot
843 929 951 995 modis
984 926 1118 1013 impleti
1169 928 1323 1014 quisunt
1344 928 1377 992 in
1398 926 1486 995 Deo.
1537 928 1626 996 istos
1647 944 1757 1000 motus
1779 938 1842 1002 etsi
1863 941 1967 1006 sentis
1988 945 2143 1024 tenuiter,

146 1017 174 1084 1.
197 1013 347 1102 perfecta
367 1035 431 1081 sua
452 1016 655 1091 obedientia;
675 1014 708 1081 i.
731 1014 923 1094 derivando,
946 1008 1002 1081 vel
1022 1015 1118 1080 susti
1168 1014 1274 1079 sentis
1297 1024 1419 1080 mntem.
1463 1013 1501 1081 id
1527 1016 1655 1082 debetis
1680 1039 1868 1107 agnoscere
1893 1027 1927 1090 in
1950 1046 2030 1093 vera
2050 1029 2142 1096 invo-

141 1105 255 1181 pendo
276 1122 338 1206 pro
360 1101 457 1167 nobis
478 1120 639 1185 poenam
665 1099 697 1166 3.
719 1101 924 1166 restituendo
951 1102 986 1167 in
1006 1101 1116 1166 uobis.
1168 1099 1379 1179 catione,uhi
1395 1111 1474 1186 post
1513 1103 1713 1170 recationem
1736 1127 1796 1173 cor
1816 1111 2000 1195 acquiescit
2010 1114 2043 1178 in
2055 1114 2142 1181 Deo.

144 1188 175 1272 4.
198 1189 401 1278 suncrendo,¹
429 1188 516 1273 quod
551 1188 650 1252 docet
682 1182 771 1251 illam
799 1182 907 1272 legem
936 1204 1015 1252 esse
1041 1187 1117 1252 reti·
1167 1180 1228 1250 ille
1244 1200 1354 1250 motus
1374 1196 1428 1251 est
1443 1122 1587 1272 Splritns
1602 1193 1712 1256 sancti
1730 1204 1852 1272 motus,
1872 1197 1914 1260 de
1956 1219 2000 1263 no
2017 1195 2142 1267 Paulus

143 1275 298 1352 nendum,
319 1293 387 1338 nott
407 1270 621 1339 abolendam:
644 1270 737 1364 Sicut
757 1269 909 1352 ἅντίνομοι
930 1269 1059 1351 volunt,
1080 1283 1117 1339 ut
1167 1270 1262 1336 dicite
1294 1270 1474 1352 decepistis
1500 1272 1670 1355 Spiritum,
1705 1277 1885 1342 clamantem
1912 1218 2002 1345 Alta
2029 1285 2140 1349 Pater.

143 1355 201 1426 lex
221 1357 291 1440 ille,
312 1378 399 1447 quae
419 1371 472 1423 est
493 1355 639 1430 moralis,
662 1356 824 1429 deleatur,
841 1359 1116 1443 quemadmodum
1167 1353 1310 1431 Quando
1333 1354 1484 1423 Davidi
1535 1357 1668 1440 tSaul,
1695 1367 1854 1449 premitur
1882 1365 2008 1435 dolore.
2052 1369 2142 1438 idem

142 1442 199 1511 lex
227 1447 269 1512 de
297 1465 365 1510 non
394 1443 522 1510 edenda
551 1463 671 1523 carne,
701 1463 919 1528 nequaquam.
968 1442 1038 1509 imo
1054 1462 1117 1524 per
1167 1462 1282 1507 omnes
1315 1443 1474 1508 serimus
1573 1447 1703 1532 magnis
1735 1447 1849 1530 malis,
1881 1455 1944 1519 sed
1970 1454 2068 1541 erigit
2090 1477 2141 1538 so,

139 1531 232 1610 fidem
252 1530 425 1593 stabilimus
445 1530 557 1611 lepem,
585 1529 688 1614 inquit
708 1525 846 1594 Paulus.
889 1526 1041 1594 Christus
1063 1538 1117 1594 est
1166 1528 1299 1593 subiicit
1329 1547 1369 1593 se
1401 1525 1577 1595 voluntati·
1596 1529 1677 1612 Dei,
1711 1545 1744 1600 et
1771 1530 1851 1607 iacit
1878 1537 2020 1619 interea,
2053 1562 2169 1629 quae.

143 1613 253 1681 factus
274 1637 336 1702 pro
358 1616 456 1693 nobis
478 1622 719 1700 peceatumat
739 1615 789 1676 ius
810 1612 889 1695 lapis
909 1617 944 1676 ia
964 1614 1054 1677 nobie
1070 1634 1115 1675 re
1166 1620 1245 1678 sunt
1270 1613 1332 1680 viri
1353 1610 1467 1695 fortis,
1491 1626 1588 1700 parat
1608 1614 1852 1701 defensionem,
1878 1635 1913 1690 et
1938 1644 2008 1692 aon
2030 1624 2142 1694 fremit

142 1705 302 1765 stituotrtr.
1165 1698 1330 1765 adversus
1357 1696 1482 1785 Deum,
1509 1712 1546 1766 ut
1573 1700 1708 1783 Cicero,
1736 1707 1791 1791 qui
1819 1705 1995 1777 exclamat:
2030 1712 2142 1775 Ormscs

229 1784 435 1853 Athanasius
464 1798 574 1852 movet
601 1786 849 1872 quaestionem,
879 1805 984 1872 quare
1011 1783 1116 1853 Filius
1165 1783 1227 1846 Dii
1244 1788 1444 1866 proiecerant
1464 1806 1532 1849 aas.
1582 1785 1649 1853 iste
1676 1801 1728 1854 est
1754 1811 1874 1858 sensus
1897 1797 2008 1862 earnis
2030 1798 2063 1863 in
2087 1797 2141 1865 ct-

142 1874 363 1958 assumpserit
384 1870 557 1938 humanam
579 1883 747 1951 naturam,
776 1882 809 1935 ct
829 1890 898 1935 non
920 1870 1038 1951 Pater,
1059 1883 1116 1939 aut
1167 1889 1301 1950 corone,
1318 1881 1353 1935 et
1368 1881 1421 1936 est
1436 1891 1541 1950 mors,
1559 1892 1626 1937 non
1648 1885 1831 1943 estractus
1854 1878 1879 1945 S
1903 1881 1997 1947 initus
2018 1886 2138 1950 sancti·

144 1957 287 2044 Spiritus
309 1969 463 2023 sanctus:
495 1957 597 2037 Quia,
616 1957 739 2042 inquit,
767 1959 919 2043 congruit
941 1977 1019 2022 esse
1040 1977 1116 2043 per·
1166 1954 1294 2023 Sensus
1315 1956 1459 2041 Spiritus
1481 1968 1533 2023 est
1553 1959 1621 2023 vita
1644 1970 1678 2024 et
1702 1957 1842 2029 laetitia:
1911 1978 1989 2033 anet
2013 1965 2140 2035 laetitia

1 2100 11 2118 ,
143 2064 260 2111 sonam
281 2037 462 2110 mittentem
484 2055 518 2109 et
533 2047 688 2119 missam
710 2042 808 2108 Pater
825 2054 877 2108 est
894 2043 1026 2110 mittem
1042 2064 1115 2129 per
1165 2043 1200 2107 in
1231 2043 1393 2108 moriente
1423 2041 1575 2118 homine3
1608 2056 1644 2111 ut
1671 2047 1789 2113 videtis
1815 2047 1938 2116 multos
1966 2053 2140 2122 discedere

142 2149 246 2201 sona,
275 2143 308 2195 et
335 2126 436 2195 Filius
465 2131 586 2206 missa3
617 2128 709 2214 Ergo
737 2128 844 2214 magis
865 2130 1039 2214 congruit,
1061 2129 1115 2194 Fi·
1167 2148 1241 2194 cnm
1272 2124 1414 2204 laetitia3
1433 2124 1490 2194 alii
1510 2148 1577 2194 non
1600 2126 1782 2212 laetantur,
1812 2136 1855 2200 ad
1878 2156 1963 2222 quos
1977 2141 2141 2227 congruit

142 2212 222 2280 lium
242 2234 416 2281 assumere
442 2214 618 2281 humanam
648 2227 816 2294 naturam,
844 2235 943 2299 quam
971 2213 1113 2280 Patrem.
1166 2232 1301 2279 versus:
1347 2213 1478 2296 Vithuu
1517 2233 1584 2275 cam
1643 2219 1736 2278 onita
1762 2219 1850 2300 tigit
1881 2223 2050 2305 indigetata
2082 2225 2139 2288 sab

122 2296 273 2386 'Deinde
294 2302 401 2387 magis
423 2299 489 2376 hoe
511 2303 665 2386 congruit
686 2319 862 2383 personae,
884 2319 970 2386 quae
987 2312 1040 2366 est
1056 2303 1115 2367 im·
1164 2299 1296 2363 wabroa
1340 2296 1401 2364 itta
1423 2299 1544 2365 fiducia
1566 2311 1600 2364 et
1655 2303 1746 2368 etitia
1766 2307 1984 2391 acquiescens
2002 2297 2139 2391 irlDeo,

141 2386 283 2453 mediate
305 2387 441 2473 imago,
480 2399 515 2451 ιιι
549 2388 581 2450 in
614 2388 712 2451 nobis
744 2387 897 2452 restituat
928 2386 1112 2472 imaginem.
1166 2405 1252 2471 quae
1277 2387 1435 2465 sentitur,
1468 2396 1657 2451 estractus
1678 2384 1734 2452 vel
1755 2409 1776 2454 a
1800 2392 1910 2472 tatio,
1940 2415 2026 2480 quae
2050 2397 2139 2462 exci-

142 2471 351 2557 Augustinus
380 2474 477 2538 etiam
506 2473 600 2537 dicit:
632 2472 707 2533 Noa
728 2473 927 2534 conveniebat
948 2471 1029 2534 duos
1050 2491 1114 2534 esee
1165 2482 1253 2536 tatur
1273 2492 1294 2537 a
1317 2470 1443 2556 Spiritu
1463 2481 1598 2550 sancto,
1621 2473 1679 2559 qui
1699 2493 1762 2560 cop
1820 2489 1918 2545 tnos
1940 2501 2014 2546 cum
2036 2480 2138 2550 Patre

30 2600 34 2608 ·
142 2552 251 2620 iiiios.
281 2558 349 2624 Sed
371 2559 401 2623 si
418 2558 559 2641 Spiritus
582 2569 722 2623 sanctus
743 2558 980 2642 assumpsisset
1000 2556 1114 2625 huma·
1165 2570 1199 2623 et
1220 2554 1316 2623 Filio.
2182 2633 2184 2637 ,

142 2663 219 2708 nam
251 2655 420 2723 naturam,
453 2656 532 2709 tunc
564 2642 708 2709 fuissent
739 2644 806 2708 duo
839 2640 928 2721 Filii,
961 2643 1049 2725 λόγος
1081 2655 1114 2710 et
1250 2641 1318 2708 lam
1340 2642 1500 2727 cogitate,
1527 2653 1650 2729 quanta
1671 2644 1738 2710 sint
1754 2645 1854 2727 haec,
1884 2647 2067 2735 dequibus
2090 2653 2138 2719 di·

140 2730 269 2808 πνεῦμα.
323 2728 417 2793 Haec
448 2730 600 2795 sidentur
627 2746 706 2794 esse
732 2725 889 2812 puerilia,
923 2727 965 2792 de
993 2730 1114 2813 quihus
1166 2729 1282 2795 cimus.
1335 2725 1500 2792 Divinitas
1528 2726 1610 2791 nihil
1636 2740 1748 2813 potest
1775 2733 1880 2797 maius
1908 2735 2006 2816 dare,
2040 2757 2139 2822 qnam

129 2825 230 2891 ‘nnnc
250 2814 401 2891 dicirnus,
422 2815 483 2879 sed
505 2815 538 2878 in
556 2811 614 2878 ilia
635 2814 841 2892 aeternitate,
863 2831 1002 2878 caussas
1023 2812 1114 2881 illius
1165 2833 1205 2879 se
1230 2816 1350 2899 ipsam:
1379 2813 1480 2879 Pater
1506 2811 1563 2877 dat
1586 2832 1631 2879 se.
1647 2815 1745 2880 uobis
1766 2819 1870 2882 misso
1891 2818 1988 2904 Filio,
2009 2835 2043 2888 et
2065 2824 2139 2907 Spi-

140 2898 322 2965 admirandi
343 2898 475 2968 consilii
495 2899 632 2984 propius
655 2899 950 2966 considerabimus.
1164 2902 1230 2967 ritu
1251 2909 1382 2964 sancto.
1431 2893 1547 2961 Filium
1568 2897 1642 2975 dat,
1668 2911 1705 2964 ut
1725 2901 1769 2967 sit
1790 2904 1921 2968 victima
1942 2927 2004 2993 pro
2027 2910 2138 2989 nobis,

855 2984 857 2988 ⁴
1166 2998 1199 3052 et
1220 2996 1256 3052 ut
1281 2985 1368 3050 idem
1396 2977 1578 3048 illeFilius
1600 2985 1699 3049 sitin
1722 2989 1819 3064 nobis
1842 2987 2044 3077 eiiicaxper
2066 3015 2137 3059 ven

1166 3074 1244 3138 bum
1269 3066 1399 3136 vocale.
1454 3067 1561 3134 Simul
1589 3070 1686 3134 etiam
1715 3071 1813 3140 datur
1834 3073 1976 3160 Spiritus
1998 3091 2138 3146 sanctus

1189 3178 1226 3222 er
1252 3153 1392 3234 Filium,
1419 3164 1458 3220 ut
1489 3154 1594 3239 inquit
1625 3153 1849 3226 Athanasius:
1886 3159 2063 3246 Ubicumque
2089 3172 2149 3235 est

1163 3181 1305 3326 dptrttus
1325 3246 1462 3314 soacttu,
1485 3246 1533 3343 “f
1552 3239 1599 3300 ibi
1614 3259 1676 3323 per
1695 3243 1826 3309 oerbma.
1869 3245 1962 3313 ilaec
1983 3261 2061 3315 sunt
2083 3252 2138 3334 pie

224 3389 325 3459 Nulla
346 3405 399 3458 est
419 3395 556 3479 propior
577 3393 754 3462 similitudo
777 3339 823 3462 dd
835 3394 924 3477 Deo,
941 3417 1038 3483 quam
1054 3414 1114 3464 ua.
1164 3327 1702 3496 ffltxgzenssfhcfffflssffaff
1707 3332 1952 3500 gssffiggcssngz
1972 3335 2080 3505 1)ξὲἔέ
2083 3355 2137 3487 ⁰⁸¹2
2202 3379 2207 3391 '

139 3489 214 3546 turb
236 3478 398 3559 liminis,
420 3480 475 3545 vel
495 3483 613 3546 animi·
1165 3499 1385 3566 communicat
1405 3496 1602 3562 hominibus.

240 3595 245 3604 ’
1128 3608 1131 3613 ·
1251 3583 1405 3650 Condidit
1425 3581 1521 3648 Deus
1542 3580 1726 3662 hominem,
1753 3597 1787 3651 et
1802 3583 1906 3652 voluit
1927 3590 1960 3654 in
1982 3609 2023 3655 eo
2046 3590 2137 3658 habi·

1063 3716 1067 3723 ·
1165 3681 1254 3749 tare,
1283 3681 1316 3735 et
1342 3687 1381 3733 se
1408 3690 1449 3734 ao
1471 3667 1633 3733 beneficia
1656 3688 1718 3734 sua
1739 3670 1973 3740 transfirndere
1994 3677 2028 3740 in
2051 3696 2135 3744 eum.

1098 3804 1103 3812 .
1165 3755 1272 3822 llomo
1304 3751 1455 3819 horribili
1487 3753 1697 3842 ingratudiue
1724 3776 1763 3821 se
1795 3759 1924 3825 uveam
1974 3760 2020 3826 ibi
2043 3759 2137 3828 Deus
2174 3764 2179 3771 '

160 3827 275 3930 Quae
307 3844 401 3915 sunt
430 3830 645 3942 praecipua
676 3831 718 3912 in
747 3832 929 3936 homme,
960 3833 1027 3914 vel
1056 3833 1098 3915 in
1164 3843 1271 3927 magis
1302 3859 1341 3906 se
1373 3841 1503 3944 dimittit
1544 3850 1661 3904 nostra
1695 3861 1828 3906 caussa.
1866 3845 2007 3950 ‘iterum
2038 3848 2137 3951 nobis

541 3983 701 4066 sumat
974 3986 1005 4061 .·
1164 3927 1283 4099 {iiiii
1303 3922 2136 4105 ittiit‘tz..t⁰t.tt¹¹.tttfittttttttt:

558 4119 574 4137 ⁵
1164 4111 1235 4177 tor,
1267 4113 1305 4173 ut
1336 4094 1493 4163 laetificet
1523 4114 1584 4160 cor
1617 4105 1723 4173 tuam,
1751 4094 1851 4164 faciat
1877 4114 1986 4167 motus
2008 4115 2135 4182 castos,

225 4183 378 4251 Potentia
400 4203 610 4269 cognoscens
632 4184 705 4249 sivo
727 4202 836 4248 rueris:
870 4182 1052 4270 Cogitatio,
1080 4194 1114 4248 et
1162 4185 1290 4262 iustos,
1311 4202 1469 4259 veraces,
1490 4177 1598 4266 qualis
1620 4192 1673 4245 est
1694 4181 1800 4248 Dens.
1854 4184 1948 4253 Deus
1976 4190 2061 4254 euim
2083 4200 2136 4255 est

138 4271 290 4355 spiritus,
318 4271 391 4336 sive
412 4271 513 4335 motio
540 4268 596 4353 ycl
624 4271 772 4356 agitatio.
820 4267 918 4335 hiens
945 4269 1046 4334 habet
1074 4289 1113 4334 se
1163 4271 1320 4348 essentia,
1343 4265 1474 4353 qualem
1496 4285 1535 4330 se
1557 4265 1715 4332 describit
1735 4270 1768 4332 in
1788 4267 1877 4358 lege,
1898 4273 1995 4356 iusta,
2017 4294 2135 4354 verax,

138 4357 225 4421 siout
243 4354 354 4421 Pater.
397 4354 528 4420 Deinde
546 4357 715 4441 cogitatio,
733 4375 819 4441 quae
841 4367 893 4420 est
913 4352 1113 4440 imaguior·
1162 4356 1308 4439 sapiens.

136 4453 242 4521 mata,
278 4440 380 4507 habet
411 4461 450 4504 se
482 4444 568 4506 sicut
600 4439 720 4520 Filius,
760 4439 814 4506 vel
846 4443 956 4524 potins
988 4461 1110 4506 sermo.
1248 4439 1316 4504 ista
1345 4441 1377 4502 in
1403 4429 1651 4523 precationibus}
1678 4441 1822 4525 cogitate
1845 4442 1886 4507 dc
1907 4445 2078 4527 personis,
2101 4459 2134 4512 et

137 4523 261 4606 Tertio,
284 4549 358 4593 omn
382 4539 433 4591 est
454 4524 596 4590 forruata
619 4529 787 4611 cogitatio,
807 4547 847 4592 ea
869 4528 979 4592 statim
1002 4528 1111 4593 vibrat
1161 4527 1262 4613 petite
1290 4545 1311 4590 a
1339 4523 1430 4590 Deo:
1459 4522 1602 4590 iustiliae
1631 4545 1684 4590 me
1709 4545 1770 4611 per
1792 4539 1825 4593 et
1846 4541 1983 4614 propter
2004 4528 2135 4610 Filium,

138 4633 216 4690 cor,
239 4626 273 4679 et
294 4612 331 4677 fit
352 4614 453 4678 motio
476 4609 529 4676 vel
551 4614 686 4698 agitatio
710 4614 839 4690 cordiS,
866 4614 956 4699 quod
978 4624 1031 4678 est
1052 4612 1110 4677 mi·
1162 4624 1195 4677 ei
1214 4611 1361 4676 accende
1383 4630 1444 4676 cor
1464 4629 1572 4684 meum
1596 4609 1721 4693 Spiritu
1742 4624 1799 4677 tuo
1820 4627 1960 4695 saneto,
1981 4626 2019 4680 ιιι
2039 4614 2134 4681 Psal-
2176 4654 2180 4659 -

44 4764 53 4772 ,
135 4696 251 4764 rahilc.
297 4696 437 4770 Quando
461 4709 500 4770 tu,
520 4699 650 4784 cogitas
673 4699 714 4763 de
737 4700 867 4763 inimico
890 4712 963 4778 tuo,
987 4699 1029 4764 de
1050 4698 1110 4763 ho·
1160 4717 1235 4763 rrius
1267 4697 1362 4780 petit:
1398 4696 1461 4759 Cor
1489 4694 1631 4757 modum
1659 4717 1730 4758 creo
1758 4701 1792 4759 ia
1811 4720 1859 4763 mc
1879 4699 1981 4763 Deus:
2013 4701 2133 4781 idest,

135 4784 233 4862 mine,
255 4805 352 4870 quern
374 4784 485 4862 odisti,
507 4797 587 4848 tunc
610 4781 734 4849 formas
758 4785 1003 4868 cogitationem.
1047 4783 1109 4849 Co
1162 4781 1407 4850 mundificatum
1444 4793 1582 4868 propter
1614 4781 1731 4854 Filium
1770 4783 1846 4851 fide.
1902 4785 1996 4852 Sicut
2032 4784 2133 4869 paulo

135 4871 250 4956 gitatin
273 4872 337 4934 ista
358 4873 470 4934 statim
491 4871 645 4936 verberat
668 4891 736 4934 cur.
790 4871 825 4934 iu
850 4871 950 4935 corde
972 4870 1109 4955 spiritus
1159 4881 1237 4933 ante
1263 4869 1354 4933 dixit:
1382 4869 1529 4953 Hyssopo
1557 4887 1602 4928 nae
1625 4889 1787 4949 asperges:
1815 4870 1940 4950 idest,
1971 4875 2133 4958 sanguine

136 4955 287 5040 erumpit,
304 4969 414 5021 trtovet
433 4956 638 5042 sanguinem,
656 4972 688 5022 et
705 4959 813 5020 omnia
832 4958 992 5034 membra,
1007 4955 1109 5019 sentis
1151 4953 1244 5019 Filii.
1287 4954 1442 5020 Nominat
1463 4967 1577 5040 typum
1600 4975 1661 5036 pro
1684 4956 1882 5041 significato.
1935 4954 2057 5022 Postea
2075 4959 2133 5022 ad-

36 5068 39 5073 ·
136 5062 249 5106 verane
272 5043 524 5108 uorrturotioneru
546 5043 578 5106 in
602 5055 671 5107 toto
695 5062 847 5127 corpore.
881 5042 1036 5126 Spiritus,
1054 5044 1109 5126 qui
1160 5039 1220 5106 dit:
1252 5041 1371 5102 irotooc
1393 5045 1426 5103 in
1447 5063 1493 5102 me
1514 5039 1667 5121 Spiritum
1687 5049 1820 5113 rectum,
1852 5042 1885 5106 id
1915 5053 1984 5122 est,
2018 5063 2133 5107 assen-

135 5138 313 5212 generatur
334 5129 367 5192 in
395 5130 515 5206 corde,
546 5141 599 5193 est
628 5129 849 5196 immediatum
873 5147 1052 5215 organum,
1074 5138 1109 5192 et
1160 5127 1293 5191 rientem
1316 5127 1547 5212 promissioni.
1602 5123 1697 5190 item:
1731 5126 1784 5208 ῼα
1813 5126 1887 5188 cibi
1911 5127 2063 5208 Spiritum
2081 5131 2132 5208 fir·
2200 5198 2202 5202 ⁸

141 3200 361 3314 Quomodo
397 3212 622 3298 declaratur
660 3159 874 3325 appellatio
914 3212 1114 3327 Spiritus?
