4620 5588
163 198 230 270 aaa
515 274 519 281 ,
837 192 1073 266 'scamna
1093 190 1493 314 ummmoumus.
1565 222 1568 229 ·
2108 202 2180 275 asa
2239 292 2242 299 ⁴

164 384 350 458 natmaiesz
371 392 417 459 ita
436 400 469 457 et
489 387 621 456 inDso.
664 387 735 455 Sed
757 385 1145 474 quomodosmttnnso,
1197 400 1251 456 est
1271 387 1522 468 insensibilitas,
1543 386 1717 458 utPauius
1735 346 1846 472 vocat,
1870 391 2047 476 ἄναιγησια,
2069 393 2115 456 do
2134 397 2181 457 ei·

164 496 232 546 nou
251 497 391 565 possum
414 477 473 544 tibi
495 473 674 562 explicare.
719 475 755 541 ln
777 474 876 540 nobis
897 472 1039 541 affectare
1067 484 1147 542 sunt
1195 496 1253 538 uer
1273 476 1334 538 das
1354 483 1529 562 pscoatuiu
1550 476 1638 539 nieht
1660 476 1782 558 aetat,
1808 475 1901 546 uuila
1922 498 2027 545 sensu
2047 480 2181 567 pseusti

164 566 370 633 turbationes
392 575 427 631 et
448 561 604 639 dolorsss
624 560 837 629 inDsosuut
853 561 928 627 sine
944 562 1145 630 turbatione.
1196 560 1354 630 aflicitur:
1382 565 1427 625 ut
1451 569 1530 669 suet
1550 563 1617 626 aad
1636 563 1732 667 aaut:
1757 584 1825 632 nun
1853 566 2062 672 expapaeciu
2089 567 2182 645 deus

1197 646 1593 817 {diliiaeididsdsdudldn
1607 648 1773 803 lddrlddldid
1791 651 1883 804 irlddi
1892 652 2180 825 Dadiiudddopd‘:

346 897 457 1002 Quid
487 858 551 981 est
580 894 750 981 affectus
779 891 966 1009 propris?
1198 823 1275 887 bam
1284 819 1524 1014 diishiiiiiq
1550 834 1710 974 icidtioni
1731 908 1839 980 olam
1857 911 1891 976 id
1910 924 1980 1014 est,
1993 878 2179 979 tummim

173 1118 176 1123 ·
249 1081 312 1148 Est
344 1093 453 1148 motus
487 1080 600 1146 cordis
657 1098 732 1145 erse
756 1078 866 1144 uentis
899 1073 954 1143 vsi
975 1073 1146 1164 fugitantis
1198 991 1364 1147 dididudidi
1385 993 2178 1151 ιιῗιῃίξξω.ιιιοῗχιῗιῗὰὲἴέιιῗιίεῃὶἓὲιῗ333ῗῖ

164 1169 308 1250 obiecta,
331 1170 433 1234 corde
455 1166 590 1234 dilatato
615 1102 670 1231 νζ]
692 1100 893 1242 codstrict03
917 1162 1012 1229 ouius
1034 1174 1147 1229 motus
1197 1164 1274 1232 liter
1295 1128 1395 1232 sandi
1412 1103 1563 1232 vulne’rdi
1607 1105 1780 1255 uniquam
1809 1105 1957 1235 alibi'iril
1970 1171 2053 1236 orbs
2073 1181 2178 1236 tarra·

164 1255 313 1324 ultimum
335 1275 469 1342 semper
490 1264 544 1319 est
566 1252 620 1321 vsi
641 1251 780 1331 laetitia,
800 1248 857 1317 vsi
878 1250 1021 1316 tristitia.
1065 1247 1147 1314 Ulti·
1198 1274 1288 1333 rum,
1314 1253 1378 1318 nisi
1406 1255 1439 1319 in
1469 1253 1590 1319 iudaea
1617 1251 1679 1320 iuit
1708 1253 1903 1322 balsamum.
1953 1254 2049 1322 Deus
2074 1253 2178 1323 voluit

374 1356 427 1408 a
448 1338 588 1407 1...
631 1339 743 1408 M...
768 1334 1147 1485 n...
1197 1336 1894 1493 2¹:⁶⁸stt..¹‘.⁰l3..ttuu.uttam
1917 1339 2207 1495 tutata

163 1427 387 1587 iiiamsaieceid?
402 1424 1066 1600 deinoi-n{diiiiffddidbillseus-Eiidoesoudidit
1086 1510 1146 1574 aa·
1197 1447 1337 1592 sanium,
1382 1514 1449 1578 uod
1473 1514 1539 1579 cito
1561 1524 1596 1579 et
1616 1450 1921 1590 isirettei⁸eurardt
1948 1450 2109 1596 dliii,
2142 1524 2176 1581 st

162 1614 282 1681 turam,
303 1613 340 1668 ut
362 1611 484 1685 postea
504 1602 539 1665 iu
561 1602 651 1666 omni
667 1599 863 1665 aeternitate
873 1593 1041 1666 frueretur
1050 1592 1146 1661 lasti·
1196 1594 1320 1664 multos
1352 1599 1438 1665 a'os
1471 1599 1619 1666 morbos.
1673 1596 1817 1666 infundit
1839 1619 1922 1687 argo
1944 1600 2178 1668 Samaritam

48 1722 51 1727 ·
162 1689 219 1767 tia,
241 1698 274 1753 et
295 1688 384 1753 bene
405 1699 497 1753 esset
518 1689 635 1754 uobis:
678 1685 759 1752 ltsm
790 1695 827 1750 ut
859 1682 1024 1750 damnatis
1056 1677 1144 1747 male
1197 1681 1405 1765 balsamum,
1436 1685 1471 1750 id
1492 1695 1567 1764 est,
1588 1684 1830 1773 Evangelium,
1862 1698 1896 1753 et
1928 1708 2004 1753 oum
2035 1686 2178 1755 hatest

163 1785 265 1842 esset.
309 1773 417 1839 Etiam
438 1771 629 1840 iuDiabolo
651 1783 730 1839 suut
746 1769 899 1850 affectus,
918 1771 980 1835 ssd
995 1770 1147 1855 quisunt
1196 1770 1329 1852 efficax,
1339 1772 1374 1837 id
1385 1770 1612 1853 est‚viviilcat,
1623 1783 1731 1838 sanat.
1753 1770 2178 1856 Balsamumnonmordet,

162 1861 196 1927 in
212 1857 324 1940 malo,
357 1857 412 1926 vsi
445 1860 501 1946 qui
529 1872 607 1926 sunt
629 1858 812 1926 destructio
834 1857 1006 1945 quasdam.
1050 1854 1145 1920 Haeo
1196 1878 1265 1924 non
1287 1860 1375 1924 rodit
1395 1868 1432 1924 ut
1451 1859 1574 1924 vinum.
1617 1856 1684 1923 Per
1710 1856 1930 1946 Evangelium
1954 1861 2053 1926 datur
2073 1859 2177 1946 Spiri-

163 1948 273 2016 omnia
293 1943 374 2016 iecit
394 1945 491 2013 Deus
512 1943 653 2013 mirabili
674 1943 859 2031 sapientia,
893 1962 992 2030 quam
1024 1939 1144 2009 iutaili·
1197 1960 1251 2012 tus
1262 1945 1419 2024 Sanetus,
1431 1946 1487 2031 qui
1503 1942 1606 2011 allicit
1627 1943 1795 2025 laetitiam,
1813 1957 1847 2011 st
1864 1965 1982 2032 passm
2004 1948 2038 2011 in
2059 1947 2176 2026 corde,

164 2053 281 2123 gaurus
314 2035 348 2100 in
380 2043 518 2100 aeterna
550 2033 627 2099 vita.
682 2030 806 2099 Tamen
839 2027 895 2096 hio
925 2030 1085 2095 debemus
1106 2038 1163 2111 ut,
1197 2043 1231 2098 st
1252 2031 1343 2097 initia
1364 2052 1473 2098 novas
1494 2044 1529 2099 et
1550 2043 1709 2099 astamus
1729 2032 1874 2098 iustitias
1895 2043 1927 2098 st
1949 2033 2048 2100 vitas.

163 2139 294 2207 cunque
331 2117 390 2186 illa
429 2119 570 2207 physica
606 2118 698 2187 initia
729 2119 872 2184 dissere.
937 2115 994 2182 De
1021 2117 1144 2202 quibus
1281 2116 1408 2184 Postea
1429 2119 1577 2184 additur:
1598 2118 1737 2200 Ιιιφοιιίι
1758 2139 1824 2181 aaa
1845 2122 1879 2180 ia
1899 2121 2062 2182 iuuentus
2079 2140 2173 2182 neusa

162 2207 244 2292 ipsis
266 2227 342 2272 cum
363 2207 453 2271 serio
475 2206 678 2293 cogitamus,
708 2205 914 2288 experimur,
940 2205 1032 2289 quod
1052 2199 1144 2268 iilam
1196 2201 1280 2270 iilud
1302 2205 1484 2270 iumentum
1506 2215 1560 2270 est
1580 2216 1701 2270 natura
1733 2205 1877 2272 humana
1898 2204 1995 2287 Filii,
2023 2207 2177 2273 sublesta

161 2291 422 2379 profunditatem
443 2311 511 2358 non
528 2292 697 2379 possimus
718 2290 774 2356 bio
796 2289 981 2357 exhaurire.
1196 2292 1288 2358 cruci
1310 2302 1343 2357 st
1365 2290 1472 2357 morti.
1515 2289 1593 2374 ipss
1614 2301 1727 2378 gestat
1749 2304 1865 2358 nostra
1880 2289 2176 2377 peccamsatisfa·

248 2378 285 2444 ln
308 2377 443 2445 Christo
466 2390 518 2443 est
538 2398 619 2445 vera
642 2377 809 2443 miseratio
831 2387 865 2442 et
886 2394 1005 2444 versus
1034 2373 1143 2440 dolor.
1196 2380 1242 2444 cit
1263 2397 1325 2463 pro
1347 2378 1461 2442 nobis:
1480 2389 1655 2462 praeterea
1674 2377 1765 2443 ducit
1785 2397 1853 2444 non
1875 2382 1909 2443 in
1931 2377 2120 2460 πανδοχεῖον,
2140 2378 2176 2445 id

162 2462 220 2532 ste
240 2467 274 2532 ia
293 2464 367 2531 Deo
390 2475 443 2531 est
464 2484 547 2531 vera
567 2462 706 2543 laetitia,
730 2482 849 2530 versus
871 2481 966 2528 amor
975 2508 987 2541 ,
1013 2461 1144 2528 etiamsi
1197 2475 1260 2542 sst,
1281 2464 1315 2529 in
1338 2464 1570 2543 diversorium,
1591 2463 1625 2529 iu
1646 2460 1859 2545 Ecclesiam,
1880 2465 1924 2527 do
1947 2463 2044 2527 lebret
2065 2484 2099 2527 er
2118 2485 2178 2527 rau

161 2570 230 2618 non
251 2553 337 2631 scio,
361 2552 530 2638 quomodo
551 2549 611 2616 ilia
632 2548 723 2616 liant.
766 2549 844 2615 Non
877 2551 1033 2615 mentitur
1064 2546 1148 2698 rpilri-
1196 2548 1408 2616 dilectionem
1429 2547 1511 2656 Dei,
1534 2550 1751 2656 suproximl:
1784 2552 1862 2657 puis
1894 2561 1974 2617 tunc
2007 2547 2177 2653 diligimus
2204 2581 2207 2585 ·

161 2635 925 2809 322⁸..tuumuuaitum
946 2635 1056 2787 tm
1079 2654 1145 2781 a
1196 2636 2176 2811 &attumulatusstatiuis

162 2819 209 2875 est
229 2811 331 2873 iilius
352 2830 435 2873 meat
456 2810 603 2889 dilectus,
623 2829 686 2892 queo
707 2809 857 2872 ‹lohdar-
901 2808 974 2871 Dae
993 2808 1068 2869 sind
1089 2806 1145 2869 die
1196 2812 1411 2897 agnoscimus
1431 2806 1535 2875 illium
1556 2806 1634 2888 Dei,
1656 2811 1747 2877 iuxta
1768 2810 1910 2877 dictum=
1956 2810 2055 2873 Neruo
2078 2831 2177 2891 apae·

161 2897 310 2960 tutatae
327 2900 400 2959 mei
425 2896 582 2968 Wdeier,
600 2895 654 2958 dte
675 2895 720 2958 de
741 2899 808 2958 rein
824 2895 969 2974 tumen,
1001 2892 1144 2960 dilectus
1196 2899 1259 2960 scit
1278 2895 1407 2958 Putrem
1427 2898 1492 2958 nisi
1512 2894 1631 2975 litu,
1653 2904 1684 2960 et
1705 2899 1757 2958 eui
1772 2896 1858 2978 filius
1878 2895 2011 2960 uoluerit
2026 2895 2175 2962 reaelm

75 3030 78 3035 «
161 2985 228 3048 md
244 2981 404 3050 delector·
447 2980 598 3070 Diligsre
620 2993 673 3048 est
694 2983 829 3049 amoris.
860 2980 1011 3048 Effectus
1032 2991 1143 3047 autam
1196 2982 1323 3049 Postea
1343 2982 1444 3048 docet
1464 3001 1529 3047 nos
1551 2980 1691 3068 diligam
1711 2984 1909 3069 proximum.
1925 2980 2037 3050 Docet
2056 2979 2176 3050 iovem

162 3072 286 3137 amoris
308 3070 502 3155 exprimitur
521 3071 629 3137 verbo
650 3065 850 3149 delectandi,
867 3069 970 3131 dorsa
983 3067 1044 3129 tet
1063 3069 1144 3129 sada
1197 3070 1392 3136 societatem
1409 3066 1595 3149 Eculesise,
1616 3089 1686 3135 nou
1706 3068 1820 3138 iacere
1841 3070 2090 3156 dissipationes,
2108 3087 2177 3136 nou

161 3155 330 3220 ιοιιιὶιοισ-
343 3155 441 3239 (read
456 3155 524 3219 md
545 3176 653 3218 eom
673 3155 762 3221 iate.
806 3154 898 3223 Vere
915 3157 949 3222 in
966 3152 1043 3221 Deo
1064 3161 1146 3218 suut
1196 3176 1333 3223 movere
1353 3152 1516 3222 tumuitus
1544 3151 1731 3236 furoribus,
1760 3153 1878 3242 qualos
1907 3153 2001 3223 ruuiti
2030 3157 2177 3224 existunt

161 3244 217 3312 isti
239 3241 392 3311 allectus.
441 3241 539 3309 Dsus
569 3241 771 3310 horribiliter
801 3243 958 3310 irascitur
988 3252 1152 3329 peceato,
1194 3244 1228 3309 in
1251 3261 1375 3330 genero
1394 3241 1549 3309 humano.
1598 3239 1695 3318 Alius
1727 3244 1822 3309 ardet
1852 3244 2056 3322 ambitione,
2088 3240 2175 3310 aliua

162 3341 196 3398 st
218 3331 358 3399 destruit
380 3329 512 3396 iniusta.
557 3329 613 3391 Do
634 3329 695 3413 itpt
712 3330 1143 3415 bumauanaturaoppresa
1195 3349 1355 3417 perversa
1376 3328 1534 3415 superbia
1554 3325 1625 3396 vuit
1647 3326 1832 3407 excellere,
1858 3329 1954 3416 fingit
1974 3349 2083 3396 novas
2106 3328 2176 3414 opi·

266 3427 302 3481 to
325 3429 360 3483 st
380 3427 509 3496 morte,
542 3426 576 3482 at
595 3415 691 3484 Dsus
724 3417 754 3481 si
781 3417 955 3483 vsrissimu
973 3413 1142 3481 irascitur.
1194 3417 1325 3494 aiones,
1346 3412 1433 3481 aiios
1459 3412 1527 3480 alio
1557 3411 1683 3482 lurore,
1704 3417 1826 3482 excitat
1858 3416 1997 3481 dissidia
2028 3417 2177 3502 ingentia

210 3504 233 3567 d
253 3499 356 3570 Filius
379 3501 440 3568 Dei
464 3502 642 3569 intervenit
661 3503 749 3569 inter
773 3500 864 3568 illam
884 3505 968 3568 iram
989 3501 1078 3582 Dei,
1109 3511 1144 3565 et
1196 3514 1230 3568 et
1250 3512 1346 3567 tetra.
1390 3500 1483 3568 liaeo
1500 3503 1611 3568 omnia
1632 3513 1711 3570 sunt
1731 3512 1850 3568 contra
1876 3500 2087 3568 dilectionem
2109 3499 2176 3568 Dei

160 3587 340 3668 bominem,
362 3586 519 3655 videlieet
533 3589 764 3656 Samaritanus
784 3586 844 3656 ills
864 3594 1088 3675 contemptus,
1109 3597 1143 3653 et
1195 3601 1229 3656 et
1248 3587 1399 3675 proximi,

161 3685 294 3762 spretus
316 3696 338 3742 a
358 3675 500 3742 ludaeis.
931 3718 936 3727 ·
1114 3710 1117 3717 ·
1204 3717 1209 3728 ·
1283 3675 1337 3740 ad
1360 3671 1445 3740 illud
1466 3673 1718 3761 pandosiaseum
1746 3674 1888 3760 partinet
1913 3672 2049 3760 regula:
2093 3673 2176 3736 Naa-

250 3761 311 3828 ilic
333 3759 459 3851 obligat
480 3759 633 3829 vuiusra:
662 3762 797 3841 idest,
831 3763 903 3845 ipss
925 3771 958 3826 et
979 3759 1142 3846 impetrat,
1196 3781 1287 3845 mam
1307 3767 1380 3823 areat
1401 3759 1500 3843 electi,
1521 3764 1584 3823 rusi
1603 3764 1639 3823 iu
1660 3769 1750 3824 coctu
1770 3768 1959 3826 meatuum.
2005 3760 2093 3830 Quos
2117 3759 2175 3822 ele·

36 3867 39 3871 ·
161 3865 195 3920 et
214 3862 370 3933 mersor,
393 3861 427 3917 st
454 3850 512 3916 dat
532 3850 761 3915 remissionem
783 3859 1012 3933 peccatorum:
1044 3848 1143 3932 imps·
1193 3851 1256 3930 pit,
1276 3847 1335 3910 ior
1356 3855 1387 3909 et
1407 3849 1541 3910 comsit.
1585 3845 1681 3914 Deus
1713 3867 1783 3912 non
1815 3845 1888 3914 vult
1921 3844 2037 3914 salvos
2058 3842 2179 3913 faeere

161 3949 227 4007 trut
248 3940 339 4026 apud
355 3935 488 4005 Patrem
508 3936 772 4025 intercedendo:
806 3946 839 4000 st
866 3946 1035 4013 meretur,
1068 3951 1143 3999 eum
1195 3956 1269 4014 eos,
1292 3933 1349 4021 qui
1370 3945 1503 4002 manent
1525 3945 1621 4001 extra
1641 3932 1840 4001 Ecclesiam.
1888 3932 1988 3997 Umcm
2013 3932 2175 4015 torpetis·
2252 3979 2256 3988 .

161 4025 198 4092 iit
221 4025 356 4091 victima
389 4034 423 4090 st
457 4022 580 4108 λύτρον,
614 4023 702 4089 sicut
723 4019 879 4089 Christus
912 4021 986 4109 ipss
1017 4019 1142 4104 inquitz
1196 4044 1217 4084 o
1238 4020 1387 4094 Duodea,
1409 4021 1514 4108 iuquit
1536 4018 1701 4100 Psalmus,
1723 4028 1759 4082 ut
1778 4020 1913 4083 bebium
1933 4024 1968 4082 ia
1990 4020 2084 4085 douo
2105 4019 2177 4083 a..

161 4111 264 4176 Petet
280 4115 414 4174 sumum
435 4107 645 4196 ruemiirpoe
663 4126 726 4191 pto
746 4107 870 4171 mulus:
886 4106 927 4172 id.
939 4099 1007 4185 ast,
1026 4106 1145 4172 reddet
1193 4111 1270 4170 mini
1291 4107 1431 4170 omnibus
1451 4107 1561 4170 mean
1579 4110 1666 4170 situs
1686 4127 1779 4173 meus.
1824 4107 1923 4187 Item,
1944 4106 2033 4169 Deua
2059 4113 2109 4168 est
2123 4105 2176 4168 di·

161 4190 529 4351 iilvtltt’ttll‘
550 4195 871 4357 puppam
898 4191 1144 4345 {iiiiii
1193 4195 1554 4347 ‘utilitati
1575 4192 2177 4361 iiitiiwttt‘bb‘t

161 4367 291 4438 Discite
309 4368 456 4458 linguas,
477 4304 642 4436 uimierliu
664 4364 1022 4454 possitia'sxpendere.
1065 4365 1143 4432 Nun
1193 4367 1250 4432 elac
1265 4367 1317 4431 roi
1334 4367 1405 4428 moa
1424 4352 1513 4429 aicit
1532 4326 1708 4445 sdruciteru
1728 4368 1788 4428 oie
1807 4365 1870 4428 ciel
1889 4365 2119 4448 Tmffelaklipffe
2138 4368 2176 4429 is

161 4455 271 4524 solum
293 4469 403 4526 autem
421 4455 585 4542 impetrat,
607 4473 676 4543 non
696 4451 985 4532 solum-meretur,
1002 4452 1064 4517 sed
1085 4453 1144 4518 dat
1194 4454 1255 4516 der
1279 4452 1351 4516 uait
1381 4453 1581 4534 wublueffeu:
1612 4468 1614 4475 ’
1637 4450 1765 4519 Nolunt
1795 4472 1876 4520 sess
1907 4471 2098 4541 aggregare
2129 4450 2176 4519 ad

161 4542 257 4610 uiam
274 4540 585 4624 nobistannuntiat,
607 4561 629 4605 a
653 4539 1004 4626 plicatremitsionsm
1024 4558 1145 4626 pesca-
1194 4560 1401 4607 sommunem
1423 4541 1633 4606 societatsmt
1664 4539 1760 4606 Deus
1781 4559 1849 4606 non
1872 4536 2176 4607 estauetoru'auru·

161 4639 279 4698 torum.
307 4650 310 4655 ·
335 4624 559 4704 Quomouot'
594 4560 775 4717 lniundsns
805 4626 936 4701 uinum?
951 4638 993 4692 st.
1022 4622 1144 4692 uisum.
1194 4630 1331 4702 austu.
1358 4622 1411 4691 lili
1432 4636 1511 4691 suut
1531 4646 1661 4712 organa
1669 4625 1910 4700 imoressione:
1924 4626 2000 4691 ideo
2016 4643 2085 4690 uon
2096 4630 2176 4691 suat

162 4713 226 4782 llis
247 4715 448 4782 describitur
475 4711 685 4800 applicatio..
738 4710 846 4778 Vinion
884 4709 1053 4799 significat
1084 4713 1144 4778 tlo-
1169 4776 1171 4787 ,
1194 4733 1236 4779 ex
1257 4711 1345 4778 Dso.
1398 4709 1451 4780 'lu
1483 4713 1588 4779 debes
1618 4723 1660 4778 te-
1684 4712 1784 4779 adiun
1899 4713 1944 4778 ad
1963 4711 2177 4801 ,societate-

163 4800 300 4867 utrinam
324 4801 680 4888 seuprusdieationsm
700 4797 807 4886 legist·
820 4821 896 4867 sum
912 4799 980 4866 irae
1001 4808 1055 4865 ast
1071 4795 1146 4866 etii·
1168 4792 1171 4822 ¹
1193 4795 1380 4879 Ecclesiae,
1392 4810 1424 4864 et
1446 4819 1648 4887 aggregare,
1659 4799 1774 4865 audire
1808 4808 1959 4864 ocsutsm
1971 4793 2175 4864 Ecclesiam

162 4904 237 4954 sax.
280 4852 403 4955 tinum
451 4905 516 4955 uos
543 4887 646 4954 babet
672 4885 832 4954 effeetus?
882 4885 1089 4955 blanditiem.
1111 4896 1146 4953 et
1195 4896 1239 4960 st,
1261 4885 1290 4950 si
1312 4886 1392 4972 quid
1412 4882 1503 4955 aliud
1523 4882 1625 4952 luerit
1644 4885 1705 4954 tibi
1726 4885 1949 4972 patefactum,
1971 4884 2175 4950 dsbsa.cum
2306 4967 2308 4971 ἢ

162 4964 360 5060 prohibetp
471 4975 638 5047 ctionem·
660 4993 694 5036 ea
719 4972 799 5035 beist
825 4970 964 5056 lamp:
1007 4972 1066 5039 Sic
1087 4970 1146 5039 lex
1193 4970 1271 5039 aliis
1289 4974 1555 5054 saumaricum,
1575 4971 1819 5040 ut2doceantur
1839 4969 1917 5050 aiii,
1945 4981 1980 5038 st
2007 4979 2044 5037 tu
2074 4972 2177 5044 etiam

161 5059 308 5126 ostendit
329 5071 523 5146 peceatum,
553 5071 586 5126 et
606 5058 736 5129 mordet
758 5058 1071 5140 comsisutiums
1106 5081 1145 5126 a·
1167 5080 1171 5108 ¹
1194 5060 1312 5126 audias
1324 5104 1337 5139 ,
1361 5074 1447 5127 uon.
1467 5070 1507 5128 st
1520 5061 1668 5127 sorbas..
1703 5057 1898 5131 numam
1915 5054 1971 5124 hio
2002 5053 2176 5144 reguiam

162 5155 351 5214 tmouuus
378 5146 414 5213 h
430 5157 615 5234 ,pscoete.-
636 5144 819 5214 stamus
844 5157 897 5214 est
928 5142 1144 5235 pavefactis,
1166 5116 1172 5223 i
1195 5145 1461 5231 Qtdcaqaamoa
1480 5149 1606 5212 mint
1626 5147 1672 5211 sd
1693 5153 1814 5211 eam
1829 5147 2177 5233 ammonens

317 5263 720 5314 mmomvoum.
1566 5320 1570 5327 ,
1829 5263 1865 5322 ιι
