4620 5588
146 234 210 310 Μ
881 226 919 269 ’·’
937 236 1052 305 ertu.
1074 234 1178 315 billis.
1200 222 1388 306 sottum
1411 234 1675 306 mantica,
2103 242 2169 307 tls

146 444 218 498 trea
239 426 314 497 cum
336 430 415 496 totis
437 425 571 495 familiia
591 430 705 517 vagati
726 438 805 495 suut
820 429 960 495 incertis
981 428 1130 497 sedibus.
1185 431 1291 498 aaa.
1325 429 1487 518 Loquitur
1506 432 1552 497 ibi
1574 428 1670 498 Deus
1693 432 1735 496 da
1756 431 1962 521 mitigatione
1982 434 2055 503 irae
2072 452 2169 517 suae,

178 538 183 607 ζ
232 517 400 602 Tempore
421 515 605 604 Martyrum
628 517 724 581 eiecti
747 526 825 581 sunt
843 513 1035 597 Christiani,
1058 536 1133 582 oum
1185 538 1284 605 quam
1307 538 1374 583 non
1395 517 1468 585 vult
1490 528 1594 603 totam
1616 518 1813 602 accendere,
1838 520 1925 585 sicut
1946 523 2101 587 Ieremias
2122 530 2168 587 et·

145 604 291 671 marinna
311 601 518 670 multitudine
540 623 583 669 ex
599 603 756 683 urbibus,
787 614 825 669 et
851 601 941 688 pulsi
961 604 997 667 in
1020 600 1132 671 exilia.
1183 606 1248 671 iam
1269 605 1392 693 inquit,
1426 606 1513 689 quod
1528 605 1627 675 aaa
1653 607 1689 670 rit
1713 607 1784 690 irc,
1817 608 2062 675 misericordiae
2088 628 2169 675 suae

145 695 252 778 Saepe
284 692 384 757 edam
414 712 492 757 cum
524 686 764 777 aliquantulum
791 689 965 777 progressi
985 686 1131 772 inerunt,
1184 692 1386 772 recordetur,
1415 700 1447 758 ct
1468 693 1557 778 quod
1576 695 1743 779 poeniteat
1760 714 1829 759 cam
1844 694 1932 760 mcii.
1973 692 2060 761 'l'ota
2078 694 2168 761 Scri·
2230 765 2234 777 ,

145 779 329 844 immensae
346 788 426 843 suut
447 789 577 843 turmae
598 777 757 862 equitum,
779 796 867 862 quae
879 788 1132 861 prosternerent
1171 784 1281 867 'ptura
1303 798 1405 865 saepe
1428 782 1526 845 nobis
1547 776 1695 847 inculcat
1715 778 1805 849 bunc
1825 778 1980 848 affectum
1998 780 2064 848 Dei
2079 800 2169 869 erga

144 862 238 931 illam
271 864 426 929 miseram
454 876 487 929 et
513 860 681 930 imbellem
713 860 972 944 multitudinem,
1005 864 1037 930 in
1066 882 1132 953 qua
1183 885 1266 945 nos,
1296 879 1335 932 nt
1357 866 1455 933 etiam
1475 868 1563 935 inter
1582 886 1712 955 poenas
1735 866 1953 955 respiciamus
1976 871 2019 935 ad
2041 866 2168 937 miscri-

145 948 240 1017 multl
262 962 356 1017 erant
376 951 484 1036 pueri,
548 947 649 1030 ellac,
670 960 854 1029 matronae,
876 970 990 1032 senas,
1020 970 1131 1018 sacer·
1185 952 1331 1019 cordiam
1358 950 1441 1035 Dei,
1470 966 1503 1018 et
1534 965 1687 1040 petamus
1718 956 1818 1021 nobis
1852 956 1995 1043 mitigari
2027 972 2167 1037 poenas,

146 1038 263 1103 dotesr
296 1050 329 1103 ct
360 1048 474 1102 tamen
501 972 598 1104 Buus
621 1037 720 1103 etiam
740 1036 775 1102 in
797 1035 865 1102 illis
886 1037 1028 1105 miseriis
1052 1058 1131 1104 con·
1183 1041 1271 1106 sicut
1305 1041 1457 1126 promisit
1483 1036 1648 1107 facturum
1670 1060 1710 1106 se
1730 1043 1974 1109 invocantibus.
2017 1040 2061 1107 Et
2081 1042 2167 1109 baec

144 1125 295 1190 servavit
315 1121 460 1209 aliquos.
1182 1127 1316 1213 quidem
1338 1140 1373 1191 at
1396 1127 1649 1193 Grammaticam
1672 1132 1856 1213 pertineam
1882 1149 1971 1194 nunc
1995 1131 2166 1195 veniamus

230 1209 294 1275 Est
315 1213 348 1277 in
382 1207 521 1277 historia
553 1206 796 1275 Ecclesiastico
828 1211 916 1297 apud
949 1208 1131 1277 Eusebium
1182 1213 1225 1278 ad
1254 1213 1438 1280 historiam.
1492 1212 1536 1280 Et
1567 1216 1705 1299 primum
1737 1228 1928 1302 repetamus
1961 1234 2166 1282 communem

137 1298 293 1363 narratio
311 1298 354 1362 de
375 1316 457 1363 sene
479 1296 659 1363 sacerdote
676 1295 918 1378 Chaeremone,
940 1308 972 1364 et
986 1299 1131 1385 coniuge
1183 1302 1369 1367 doctrinam
1392 1303 1434 1367 de
1455 1298 1658 1389 miraculis-2

145 1384 235 1462 eius,
268 1403 355 1471 quaa
386 1396 421 1449 et
453 1385 528 1468 ipsa
561 1383 700 1470 grandis
728 1394 801 1450 crat
824 1395 944 1449 aetate.
987 1383 1031 1450 ili
1054 1405 1129 1450 cum
1238 1407 1242 1415 ·

143 1468 275 1556 expulsi
303 1481 420 1536 essent
452 1490 494 1535 ex
517 1471 662 1549 civitate,
697 1481 731 1551 et
752 1467 921 1555 paululum
943 1470 1130 1557 progressi,

143 1574 213 1624 uon
235 1569 376 1643 possent
394 1558 456 1623 iter
465 1556 579 1623 facere
589 1566 729 1643 propter
745 1567 899 1637 aetatem,
921 1568 1131 1624 evanuerunt

145 1662 188 1749 px
209 1655 394 1794 corrlspectu
415 1644 594 1710 bominum.
630 1642 741 1709 Credo
763 1662 825 1711 cos
848 1640 1003 1711 sublatos
1024 1641 1131 1711 fuisse
1183 1632 1302 1737 Quae
1332 1647 1427 1719 sunt
1457 1662 1641 1740 caussae,
1673 1664 1798 1746 quare
1837 1649 1881 1719 et
1916 1635 2025 1720 facta
2061 1650 2191 1743 suni,¹

144 1749 177 1795 m
200 1748 264 1796 coe
277 1752 342 1795 nm.
1646 1747 1654 1759 ·

230 1815 325 1881 'falla
354 1812 504 1902 exempla
537 1817 720 1882 ostendunt
750 1814 939 1883 Ecclesiam
970 1815 1131 1883 habuisse
1440 1803 1484 1874 eb
1514 1790 1661 1905 Scripta
1691 1791 1909 1876 miracula?

142 1899 331 1989 frequentia
364 1900 472 1967 exilia.
515 1901 559 1968 ltt
591 1903 726 1989 quando
757 1904 845 1969 idem
876 1903 978 1968 nobis
996 1904 1129 1985 accidit,
2047 1903 2052 1911 ’

143 1990 249 2055 simus
265 2008 433 2055 memores
453 1985 542 2055 iilius
560 1990 657 2075 primi
679 2000 711 2054 et
731 1990 835 2055 tristis
858 1986 945 2056 exilii
963 1984 1071 2071 Adae,
1094 2001 1129 2056 et
1267 1990 1481 2075 Respondeo.
1536 1989 1621 2057 Tres
1666 2004 1743 2057 sunt
1788 2011 1932 2058 caussae
1975 1994 2165 2079 praecipue.

144 2076 373 2143 desideremus
395 2073 531 2142 liberari
563 2078 607 2143 ab
631 2076 699 2142 hoc
721 2073 838 2158 exilio,
871 2086 905 2143 et
926 2096 1128 2164 quaeramus
1179 2077 1290 2144 Prima
1312 2089 1377 2156 est,
1410 2089 1447 2143 ut
1474 2079 1542 2142 sint
1563 2079 1752 2143 testimonia
1773 2079 1815 2144 de
1842 2079 2019 2146 vocatione
2047 2092 2082 2146 et
2109 2082 2166 2145 do·

141 2162 299 2228 amissam
320 2163 461 2248 patriam
481 2182 606 2229 veram.
1179 2166 1285 2231 ctrina
1317 2162 1556 2251 prophetarum
1579 2162 1703 2230 Cbristi
1731 2176 1765 2231 et
1786 2162 2039 2253 Apostolorum.
2083 2164 2166 2233 Vult

227 2248 432 2315 Reducimar
464 2259 572 2316 autern
605 2251 639 2315 in
671 2250 811 2337 patriam
843 2269 905 2335 per
924 2247 1043 2317 Filium
1060 2247 1127 2317 Dei
1180 2254 1265 2319 enim
1287 2250 1383 2317 Deus
1406 2263 1563 2317 constare
1581 2252 1626 2316 'in
1655 2270 1780 2337 genere
1801 2252 1959 2331 humano,
1980 2252 2166 2319 doctrinam

142 2336 260 2401 nostia
282 2356 407 2402 caussa
435 2335 634 2402 exulantem.
679 2337 767 2402 Nam
789 2346 825 2401 ut
847 2338 921 2423 ipse
942 2357 1007 2403 nos
1029 2337 1127 2403 redu·
1178 2348 1354 2405 sonantem
1375 2342 1409 2404 in
1430 2334 1587 2404 Ecclesia
1618 2338 1762 2404 diuinam
1789 2359 1885 2419 esse,
1915 2336 2054 2405 aliarum
2081 2358 2165 2406 vero

142 2433 234 2489 cerat
255 2424 299 2489 ab
323 2420 443 2504 exilio,
476 2423 588 2491 sactus
611 2423 717 2489 estin
739 2421 806 2490 boc
828 2425 951 2491 mundo
975 2422 1071 2504 exul,
1093 2435 1127 2489 et
1179 2426 1324 2512 gentium
1347 2437 1379 2490 et
1401 2436 1569 2491 sectarum
1593 2425 1789 2506 doctrinam,
1812 2430 1847 2493 et
1868 2421 1978 2493 cultus
1996 2444 2064 2491 non
2087 2444 2166 2494 csse

139 2511 293 2579 miserias
325 2529 443 2577 omnes
474 2508 574 2576 buius
608 2508 697 2578 exiiii
729 2512 836 2576 nostri
874 2522 1029 2596 expertus
1062 2520 1125 2576 est.
1178 2510 1307 2578 aDeo.

139 2597 196 2666 De
216 2596 285 2663 boo
306 2597 407 2665 exilio
429 2595 502 2663 Filii
522 2595 587 2661 Dei
609 2600 705 2665 etiam
726 2595 799 2664 vuit
820 2595 916 2663 Deus
938 2618 1127 2663 commona-
1263 2596 1389 2665 Tannen
1403 2596 1534 2663 Etbnici
1557 2608 1592 2663 et
1612 2595 1699 2663 aliae
1721 2610 1836 2664 sectae
1858 2600 1957 2664 etiam
1978 2596 2167 2665 babuerunt

138 2683 211 2751 lieri
233 2682 421 2751 Ecclesiam
453 2684 620 2750 aerumnis
648 2681 832 2750 exiliorum.
877 2683 946 2750 lmo
968 2683 1042 2751 vult
1063 2682 1126 2749 Ec·
1177 2680 1362 2753 miracula?
1389 2682 1605 2770 Respondeo.
1640 2679 1799 2751 Concedo
1820 2682 1982 2751 Etbnicos
2005 2683 2166 2751 babuisse

140 2769 276 2837 alesiam
310 2773 477 2839 sustinere
519 2771 696 2857 imaginem
728 2766 801 2835 Filii
840 2768 906 2837 Dei
950 2767 1127 2851 exulantis,
1202 2770 1341 2838 uaedam
1375 2767 1555 2850 miracula,
1596 2767 1725 2838 scilicet
1765 2792 1851 2858 quae
1892 2772 1997 2857 potuit
2030 2769 2166 2839 efficere

140 2860 197 2945 qui
218 2870 326 2925 temen
348 2860 384 2923 in
405 2859 533 2925 nostris
556 2857 664 2923 exiliis
687 2857 865 2923 nobiscum
887 2869 941 2924 est
954 2867 1127 2944 perpetuo,
1177 2793 1354 2937 brusatus,
1376 2858 1431 2943 qui
1453 2869 1563 2923 tamen
1585 2876 1653 2922 non
1675 2868 1787 2945 potest
1810 2859 1919 2925 omnia
1940 2856 2064 2924 lacere.
2098 2856 2166 2923 lla·

110 2962 113 2967 ·
139 2946 228 3027 sicat
251 2942 328 3010 olim
350 2942 411 3011 init
434 2945 591 3011 assiduus
611 2962 726 3012 comes
750 2943 876 3009 sanctis
889 2945 1069 3031 'patribus
1093 2955 1128 3010 et
1177 2946 1236 3011 bet
1262 2955 1374 3011 autem
1401 2940 1559 3011 Ecclesia
1586 2941 1749 3010 miracula
1775 2942 1980 3011 inimitabilia
2001 2941 2166 3024 Diabolo3

140 3033 208 3100 dux
254 3028 345 3117 opuli
367 3030 473 3098 lsrael
495 3032 530 3095 in
553 3031 706 3110 deserto,
736 3042 770 3096 et
792 3031 947 3098 omnibus
970 3032 1126 3119 tempori·
1177 3029 1290 3118 qualia
1313 3042 1392 3097 sunt
1412 3032 1624 3097 resuscitatio
1643 3040 1859 3111 mortuorum,
1881 3032 2003 3097 sistere
2024 3043 2081 3097 aut
2098 3052 2164 3099 mu·

139 3120 205 3186 bus
222 3053 285 3185 lla
307 3129 424 3186 custos
446 3115 640 3199 Ecclesiae,
674 3117 793 3185 eterit
815 3118 994 3205 deinceps,
1018 3117 1126 3185 donec
1177 3130 1250 3185 tare
1273 3118 1407 3184 cursum
1428 3115 1531 3198 solis,
1559 3114 1675 3185 l'accre
1702 3114 1887 3186 foecundas
1916 3138 2001 3187 anus
2029 3114 2165 3186 steriles

164 3220 218 3274 ost
238 3216 442 3273 mortuorum
459 3205 765 3283 resuscitationem,-
780 3202 970 3283 Ecclesiam
983 3224 1125 3291 prorsus
1177 3218 1211 3273 et
1237 3202 1394 3281 edoctam
1422 3202 1573 3270 inhibere
1603 3224 1738 3270 cursum
1766 3225 1787 3270 a
1812 3224 1945 3286 uarum,
1974 3216 2037 3271 etc.
2093 3204 2165 3271 lmo

138 3228 313 3363 lberamm
336 3296 378 3359 ab
402 3290 522 3373 exiliis,
558 3291 709 3382 glorioso
742 3292 909 3379 triumpho
931 3294 1071 3358 reducat
1091 3294 1126 3359 in
1176 3312 1219 3358 ne
1241 3291 1308 3358 boc
1335 3291 1468 3376 quidem
1496 3298 1609 3376 potest
1635 3292 1756 3357 imitari
1811 3288 1963 3370 iabolus,
1992 3293 2080 3379 quod
2109 3292 2166 3358 bio

140 3378 322 3448 coelestem
343 3381 491 3465 patriam.
1049 3392 1052 3397 “
1175 3374 1256 3445 fartt
1277 3375 1445 3457 Christus,
1468 3374 1691 3465 multiplicans
1715 3380 1949 3446 benedictione
1962 3398 2023 3445 sua
2045 3396 2164 3467 panes,

225 3466 281 3533 De
302 3466 356 3532 bis
378 3467 511 3555 magnis
532 3467 634 3533 rebus
651 3482 847 3533 moneamur
858 3465 1126 3531 consideratione
1175 3468 1222 3531 ita
1243 3476 1280 3531 ut
1301 3465 1398 3551 pauci
1425 3466 1588 3531 maximae
1616 3461 1813 3532 multitudini
1842 3463 2021 3533 sufficiant.
2064 3465 2165 3532 Dani·

139 3551 308 3633 locorum,
342 3565 376 3620 et
401 3550 665 3642 profectionibus
698 3551 821 3619 Gbristi
849 3550 928 3617 binc
959 3551 1035 3616 inde
1067 3572 1125 3618 va·
1176 3570 1241 3639 que
1273 3572 1341 3616 non
1375 3562 1489 3637 potest
1520 3550 1687 3620 Diabolus
1719 3550 1834 3619 facere
1866 3573 1926 3632 ea,
1965 3572 2051 3639 quae
2085 3564 2163 3619 sunt

142 3641 252 3730 gantis
275 3642 307 3707 in
330 3640 464 3721 iudaea,
488 3639 659 3719 Galilaea,
692 3652 726 3706 et
747 3638 867 3706 vicinis
885 3634 972 3705 locis
994 3639 1123 3726 Syriae.
1175 3638 1312 3726 propria
1334 3639 1507 3703 creatoris.

1261 3723 1393 3791 Deinde
1415 3723 1574 3792 miracula
1596 3721 1773 3793 Ecclesiae
1795 3737 1984 3813 congruunt
2005 3745 2082 3791 curn
2104 3726 2162 3792 do·
2192 3726 2196 3737 '

1176 3813 1281 3878 ctrina
1302 3813 1396 3898 prius
1422 3813 1545 3879 tradita
1575 3810 1703 3879 alleo.
1755 3810 1971 3879 Etbnicorum
2002 3810 2164 3879 miracula

1177 3896 1375 3966 confirmant
1404 3918 1539 3965 errores
1568 3910 1601 3964 et
1628 3898 1720 3964 idola
1746 3899 1927 3987 pugnantia
1953 3920 2029 3964 cum
2056 3899 2162 3965 verbo

143 4007 254 4112 Quid
266 4011 467 4122 siguificat
476 4011 649 4097 verbum
660 4007 865 4095 Grumum
873 4022 1124 4101 marrim*
1175 3983 1428 4157 ltipirtit
1443 3984 2162 4151 dllil⁰miilaff⁵ld¹³cldssi'litrdll

198 4194 280 4275 quo
295 4166 422 4249 utitur
440 4165 699 4276 Evffllgelistp,
713 4165 756 4249 in
771 4164 937 4249 historia
955 4164 1074 4248 huius
1175 4160 1282 4239 rosis,
1338 4159 1435 4224 uibus
1465 4170 1626 4264 coronata
1654 4170 1727 4223 erat
1754 4170 1865 4228 statua
1892 4158 2057 4264 Veneris3
2089 4170 2161 4238 aut,

395 4300 400 4305 .
1175 4247 1309 4332 quando
1382 4247 1451 4310 tino
1472 4240 1598 4311 nolenti
1621 4246 1809 4310 renuntiare
1831 4243 2048 4324 Consulibus,
2072 4245 2161 4333 quod

551 4320 716 4405 textus?
1174 4329 1243 4398 ludi
1275 4352 1344 4399 non
1377 4336 1469 4397 recte
1502 4326 1664 4397 celebrati
1699 4344 1832 4412 essent,
1871 4329 2069 4398 interfectus
2107 4344 2161 4396 est

437 4432 441 4439 '
663 4442 667 4447 ·
1174 4416 1276 4499 filius,
1300 4428 1333 4484 et
1353 4419 1427 4502 ipse
1446 4426 1568 4502 postea
1588 4418 1706 4483 morbo
1730 4429 1905 4505 correptus
1927 4414 2005 4485 iuitr
2029 4439 2070 4483 ex
2116 4438 2160 4484 uo

191 4512 195 4529 ¹
227 4503 387 4587 σπλάγχνα
409 4500 614 4590 significant,
643 4504 802 4569 interiora
834 4502 967 4572 viscera
989 4522 1124 4585 carnea,
1173 4523 1242 4570 non
1263 4504 1371 4591 potuit
1391 4504 1535 4583 restitui,
1575 4506 1685 4570 donec
1711 4501 1839 4570 iaceret
1867 4506 2039 4589 imperata.
2112 4504 2160 4570 uit

138 4589 217 4657 iude
238 4602 291 4656 est
312 4593 562 4672 calamitatum,
595 4591 685 4676 quod
702 4588 885 4679 significat,
905 4610 974 4656 non
995 4600 1122 4658 tantum
1173 4591 1240 4658 boc
1261 4609 1331 4656 non
1352 4586 1490 4657 difficile
1511 4587 1675 4671 Diabolo;
1703 4591 1780 4678 quia
1809 4611 1883 4656 curu
1905 4589 2006 4655 homo
2029 4603 2082 4657 est
2104 4592 2160 4655 de·
2189 4648 2192 4653 .

139 4678 290 4743 misereri
324 4675 484 4750 alicuius,
519 4677 580 4741 sed
615 4676 713 4747 etiam
745 4679 871 4743 sentire
904 4674 1055 4744 dolorem
1087 4680 1121 4743 in
1172 4686 1286 4745 semus
1309 4697 1329 4741 a
1350 4675 1439 4757 Deo,
1460 4686 1513 4743 est
1536 4678 1710 4744 subiecms
1737 4678 1904 4763 tyrannidi
1925 4675 2072 4744 Diaboli.
2116 4674 2161 4744 Et

138 4762 223 4848 ipsis
254 4765 413 4829 membris
459 4763 683 4830 interioribus.
739 4764 880 4848 Propria
913 4764 1015 4828 sedes
1043 4762 1122 4829 affe·
1172 4764 1382 4851 pertincbant
1402 4760 1460 4830 illa
1482 4764 1525 4830 ad
1548 4763 1807 4831 confirmandam
1825 4761 2062 4831 idolomaniam
2078 4761 2159 4830 Etb-

139 4861 250 4916 ctmrm
278 4861 330 4917 est
353 4870 423 4916 cor.
467 4851 532 4917 Sed
560 4850 596 4915 in
626 4850 758 4937 magnis
801 4846 973 4915 doloribus
1012 4851 1121 4918 omnia
1172 4852 1335 4918 nicarum.

138 4937 288 5003 mctnbra
309 4934 408 5003 simul
429 4934 560 5014 doleam
582 4936 669 5001 sicut
691 4955 755 5001 nos
777 4938 876 5003 ctiam
899 4936 1054 5003 dicimus:
1077 4938 1123 5004 Er
1260 4934 1417 5002 Secunda
1438 4956 1562 5002 caussa
1582 4948 1648 5017 est,
1669 4948 1706 5003 ut
1726 4932 1890 5002 miracula
1918 4936 1985 5000 sint
2012 4938 2159 5004 testimo·

138 5022 209 5090 tract
229 5030 292 5090 mtr
312 5026 375 5090 der
393 5034 509 5110 potttzc
529 5023 591 5089 tert
613 5022 707 5090 eetc.
1173 5024 1229 5090 nia
1259 5023 1529 5109 promissionum,
1571 5024 1660 5091 sicut
1692 5040 1823 5109 poenae
1859 5033 1937 5088 sunt
1971 5022 2159 5090 testimonia

193 5109 263 5174 'ln
285 5109 376 5177 Osca
398 5108 589 5177 estsimilis
611 5105 1122 5196 phrmtsteltemcommoa
1174 5108 1463 5179 comminationum
1484 5108 1682 5177 divinarum.
1726 5106 1868 5183 Quando
1895 5108 2082 5176 homicidae
2101 5110 2159 5174 mi·

138 5204 216 5264 runt
230 5195 547 5285 intaralmeviscera
562 5216 653 5266 mear
674 5196 722 5265 Es
739 5194 1020 5284 pcdetmirdsrol
1036 5198 1123 5265 medi
1174 5192 1336 5266 rabilibus
1378 5194 1614 5265 occasionibus
1636 5192 1866 5264 'retrahuntur
1903 5196 1946 5263 ad
1982 5193 2158 5285 supplicia,
