4620 5588
153 203 196 269 ol
494 302 497 307 .
836 202 1056 271 PosrtLLtt
1082 202 1480 271 rtatANrrtortttttva
1808 282 1823 305 .
2120 204 2165 273 ω

96 380 103 391 “
152 391 225 474 pria
247 391 399 455 doctrina
420 388 614 476 Evangelii,
645 390 795 457 revelata
815 393 849 456 in
870 389 1035 473 Ecclesia,
1056 394 1133 459 inde
1185 393 1319 471 tentiae,
1340 388 1396 458 vel
1417 393 1549 471 ruentis,
1581 392 1636 458 vel
1658 394 1925 458 retractationem
1946 395 2069 479 prioris
2090 416 2166 499 pro-

152 495 259 560 usque
280 477 324 539 ab
345 477 446 541 initio.
503 476 644 562 Semper
676 479 763 542 enim
783 479 908 543 missus
931 490 984 544 est
1005 481 1048 544 ad
1069 480 1133 544 Ee·
1186 479 1300 563 positi:
1334 488 1388 559 ut,
1422 479 1453 541 si
1483 480 1558 563 quis
1579 480 1673 562 prius
1695 477 1799 543 voluit
1820 478 1958 544 alieuius
1981 501 2166 564 pecuniam,

153 559 291 626 ciceiam
312 560 416 627 Filius
437 560 514 641 Dei,
535 574 571 627 ιιι
591 568 754 629 vocentur
775 562 926 630 homines
955 566 1000 630 ad
1020 567 1133 651 poeni·
1184 584 1273 629 nunc
1284 584 1351 628 non
1369 561 1451 629 vult.
1485 564 1521 629 ld
1539 566 1725 630 nominatur
1745 574 1907 646 μετανοεῖν,
1930 567 1963 631 ἰι1
1983 578 2042 650 est,
2063 577 2167 631 retra·

152 649 301 724 tentiam,
323 658 356 712 et
377 648 522 713 babeant
543 647 818 715 consolationem.
1185 659 1278 716 ctare
1299 651 1507 715 sententiam.

236 731 333 800 llaec
363 753 431 797 non
464 745 518 797 est
551 736 714 818 sapientia
745 735 902 811 rationis,
936 747 993 801 aut
1027 732 1133 820 logis3
1270 736 1339 804 Sed
1373 738 1518 801 sciamus
1552 738 1597 800 ita
1630 747 1800 819 receptum
1833 756 1911 802 esse
1944 738 1977 801 in
1999 735 2193 816 Ecclesim'

153 837 251 905 quae,
273 819 336 882 etsi
357 819 468 903 arguit
488 832 628 903 peccata
649 821 817 884 contraria
838 821 958 884 rationi
978 831 1035 885 aut
1056 822 1133 907 tegi,
1184 828 1221 882 ut
1242 814 1406 884 vocabula
1437 821 1503 882 ista
1523 821 1613 898 an,
1644 822 1862 904 poenitentia,
1894 820 2035 900 perirem
2070 843 2165 887 usur·

153 917 262 968 tamen
292 923 355 968 nec
381 905 472 969 iubet
498 905 648 970 homines
672 906 820 970 converti
847 907 890 970 ad
913 905 1036 991 Deum,
1069 928 1133 973 nec
1184 914 1303 988 pentur
1343 925 1381 967 ro
1411 914 1480 970 tota
1508 906 1739 970 conversione.
1795 907 1831 970 Si
1866 908 1917 970 oui
1951 927 2018 971 non
2052 906 2165 993 placet

154 987 347 1055 consolatur
370 990 480 1054 corda.
515 989 698 1076 Utrumque
708 1011 791 1056 vero
814 993 956 1076 pertinet
978 995 1020 1058 ad
1037 1014 1133 1079 prae·
1184 926 1385 1055 vocabullrm
1416 991 1638 1075 poenitentiae
1670 1012 1732 1076 pro
1755 993 1988 1072 conversione,
2018 995 2047 1057 is
2080 1014 2166 1060 sane

153 1075 350 1140 dicationem
371 1074 565 1160 Evangelii.
1184 1077 1328 1140 nominet
1351 1077 1604 1141 conversionem
1626 1077 1741 1163 ipsam.
1797 1077 1870 1163 Ego
1893 1074 1974 1142 nolo
2001 1080 2101 1144 rixari
2124 1082 2165 1145 de

235 1158 311 1247 Ego
344 1161 572 1244 reprehendor
603 1163 646 1225 ab
687 1159 872 1247 aliquibus,
906 1163 996 1247 quod
1024 1161 1134 1229 Evan·
1183 1158 1369 1226 vocabulis.
1426 1162 1495 1228 Sed
1527 1163 1655 1227 retineo
1688 1183 1808 1226 nomen
1830 1165 2058 1248 poeniteutiae,
2087 1165 2165 1253 qula

152 1243 273 1332 galium
302 1246 443 1326 definio,
469 1247 745 1331 praedicationem
772 1267 841 1312 esse
866 1251 1083 1332 poenitentiae
1103 1257 1134 1314 et
1182 1248 1248 1313 iam
1269 1269 1333 1315 usu
1354 1259 1525 1334 receptum
1547 1259 1599 1314 est
1621 1250 1655 1313 in
1676 1246 1840 1314 Ecclesia.

152 1333 351 1397 remissionis
370 1341 589 1416 peccatoram.
644 1333 712 1399 Sed
744 1334 831 1399 idern
859 1335 939 1400 dicit
955 1333 1132 1416 Dominus,

151 1437 226 1482 oum
258 1418 382 1502 inquit:
416 1418 581 1501 Oporteru
610 1420 805 1502 praedicari
843 1421 878 1485 in
909 1423 1034 1487 nomine
1064 1440 1134 1486 mco

148 1503 398 1587 poeaitentiam,
443 1506 720 1570 euroaustrum
758 1514 974 1590 peccatoram
1029 1506 1130 1572 treme
1155 1500 1182 1621 j
1306 1490 1419 1594 Quot
1449 1504 1544 1575 sunt
1573 1506 1710 1604 partes
1739 1492 2043 1606 poenitentiae?

149 1588 227 1654 Non
247 1592 324 1654 oeni
342 1609 462 1655 uocare
482 1592 597 1671 iustos,
630 1593 690 1655 sed
720 1600 912 1676 peccatores
944 1593 990 1657 ad
1021 1595 1164 1681 poetri,

149 1677 290 1741 tardant·
346 1676 390 1742 Et
419 1675 500 1740 alibi
531 1677 636 1762 lnquit
670 1677 711 1742 dc
737 1677 919 1745 ministerio
941 1677 1132 1764 EvangeliI:
1271 1678 1399 1739 usitate
1420 1675 1559 1740 dicimus
1576 1685 1690 1759 partes
1711 1694 1790 1741 esse
1812 1687 1897 1740 tres:
1921 1674 2163 1755 contritionem,

149 1760 297 1846 Spiritus
318 1769 436 1847 arguet
456 1764 605 1828 mnndrmt
630 1763 672 1827 de
687 1772 844 1847 peccat03
876 1766 955 1848 quia
976 1783 1041 1828 non
1063 1783 1133 1830 cre·
1180 1759 1285 1846 fidem,
1308 1770 1340 1826 et
1360 1780 1477 1825 nocam
1495 1761 1718 1825 obedientiam.
1753 1762 1813 1826 Sic
1833 1759 2001 1847 loquimur
2022 1763 2163 1828 docendi

149 1847 229 1911 dant
249 1849 285 1912 in
305 1868 363 1912 me.
419 1846 589 1934 Significat
620 1846 703 1913 illud
735 1869 892 1935 magnum
914 1861 948 1915 et
969 1847 1131 1915 horribile
1183 1865 1316 1912 caussa
1345 1846 1382 1910 Si
1405 1849 1479 1932 quis
1501 1843 1574 1912 vult
1595 1845 1749 1912 subtilius
1771 1849 1835 1912 ista
1847 1849 2028 1932 disputare,
2051 1851 2082 1912 ei
2103 1868 2165 1934 per

147 1944 324 2016 peceatum
345 1933 495 2018 patefieri
517 1936 551 1998 in
573 1935 726 2000 doctrina
747 1933 941 2021 Evangelii,
996 1936 1063 2001 uod
1084 1937 1132 2002 vi·
1180 1952 1235 1997 me
1256 1930 1346 2010 licet,
1364 1933 1464 1997 modo
1485 1951 1543 1996 res
1564 1934 1777 1997 necessariae
1799 1935 2011 2000 retineantur.
2046 1935 2164 1998 Osian·

148 2014 271 2082 delicet
290 2020 433 2085 mundus
455 2016 594 2108 negligit
614 2021 705 2086 hunc
726 2019 908 2088 Ductorem
936 2031 969 2087 et
1022 2023 1132 2088 edem·
1182 2018 1242 2082 der
1263 2014 1477 2102 reprehendit
1498 2016 1586 2082 banc
1607 2019 1835 2103 partitionem,
1868 2020 1929 2083 sed
1951 2021 2098 2102 respexit
2119 2020 2164 2083 ad

149 2115 278 2189 ptorem
298 2101 418 2170 Filium
439 2103 513 2175 Dei.
1180 2103 1456 2189 significationem
1488 2100 1644 2168 vocabuli
1676 2105 1917 2189 poenitentiae,
1950 2105 2040 2171 iuxta
2073 2105 2163 2171 Lati·

235 2189 402 2255 auhsne
423 2208 585 2256 summam
607 2191 791 2269 doctrinae,
814 2193 1131 2278 quaeestpropria
1180 2209 1258 2254 nam
1294 2186 1453 2275 loquendi
1491 2190 1774 2255 consuetudinem.
1839 2189 1965 2255 Verum
1998 2188 2164 2275 loquimur

147 2271 338 2354 Ecclesiae,
359 2277 504 2360 pertinet
525 2286 595 2341 tota
615 2278 681 2342 ista
704 2278 833 2357 concio,
855 2299 955 2363 quarn
977 2275 1130 2364 legentes
1180 2275 1235 2339 hic
1257 2275 1299 2340 de
1320 2286 1392 2339 tota
1414 2279 1652 2354 conversione,
1685 2270 1772 2341 sicut
1795 2275 1914 2341 dicitur
1940 2277 1973 2340 in
1999 2275 2067 2341 boc
2088 2278 2162 2360 ipso

147 2357 249 2424 simul
272 2362 540 2443 consideremus,
574 2364 822 2443 severissimum
853 2364 1043 2429 mandatum
1064 2365 1130 2430 Dei
1180 2370 1286 2424 textu:
1313 2360 1389 2424 Erit
1406 2361 1563 2444 pendium
1583 2380 1683 2444 super
1708 2381 1774 2425 uno
1800 2369 1974 2446 peccatore
1998 2364 2163 2444 poeniten·

147 2463 244 2525 esse,
276 2458 311 2512 et
341 2446 465 2533 singuli
508 2467 649 2532 agamus
680 2449 924 2532 poenitentiam.
978 2449 1032 2515 lle
1063 2447 1129 2516 bac
1180 2447 1259 2510 tiam
1292 2453 1423 2529 aperite,
1456 2457 1491 2510 et
1522 2447 1573 2511 sie
1605 2447 1730 2531 passim
1757 2448 1791 2510 irr
1822 2466 1913 2512 novo
1946 2445 2160 2512 Testamento

146 2532 287 2617 pr'nuum
303 2552 394 2599 uuno
413 2530 538 2619 aliquid
559 2533 716 2599 dicemus·
1177 2540 1358 2614 usurpatur
1388 2529 1588 2597 vocabulum
1620 2532 1852 2616 poenitentiae.
1914 2531 2101 2617 Prophetae
2127 2536 2162 2599 in

136 2620 139 2624 ’
464 2649 465 2653 =
1178 2619 1283 2681 veteri
1304 2616 1519 2683 Testamenta
1540 2613 1736 2703 plerumque
1757 2628 1836 2684 sant
1856 2617 1910 2683 usi
1930 2620 2064 2683 nomine
2081 2639 2161 2684 eon·

1177 2702 1360 2768 versionis:
1381 2714 1429 2781 ιιι,
1452 2703 1685 2769 convertimini
1704 2704 1751 2768 ad
1771 2724 1836 2782 me,
1854 2712 1884 2768 et
1906 2724 1964 2788 eqo
1986 2713 2163 2770 cmmertor

1177 2787 1225 2853 ud
1244 2808 1313 2853 oos.
1357 2787 1448 2868 ltem,
1470 2789 1560 2855 Nolo
1580 2796 1713 2855 mortem
1733 2791 1930 2875 peccatmv's,
1950 2791 2008 2856 sed
2028 2798 2065 2856 nt
2086 2809 2161 2856 con·

147 2859 258 2965 Quid
302 2861 504 2972 siguificat
539 2863 783 2948 vocabulum
827 2864 1127 2976 poenitentiae?
1176 2882 1329 2940 meatur
1350 2883 1382 2940 et
1402 2877 1502 2942 vivat.

1264 2960 1339 3026 Hoc
1360 2981 1443 3048 ergo
1466 2961 1579 3040 modo,
1600 2981 1675 3026 curn
1696 2961 1896 3045 poenitentia
1916 2979 1981 3026 usu
2022 2971 2096 3026 atur
2118 2963 2161 3027 de

231 3041 408 3130 Significat
440 3054 545 3110 totam
575 3046 848 3112 conversionem:
884 3048 939 3114 die
967 3047 1128 3133 octaua,
1176 3046 1308 3133 integra
1330 3049 1565 3125 conversione,
1586 3043 1735 3112 solemus
1757 3047 1961 3112 constituere
1988 3046 2066 3117 itas
2088 3060 2158 3113 tres

144 3149 184 3196 ιιι
204 3129 295 3195 Gott.
340 3129 498 3196 Germani
517 3141 655 3197 utuntur
676 3134 773 3198 etiam
801 3129 868 3199 alia
905 3154 1009 3214 voce,
1041 3133 1126 3200 Bas:
1176 3144 1307 3217 partes,
1339 3133 1417 3219 quia
1448 3152 1517 3198 nou
1544 3131 1710 3216 loquimur
1742 3132 1784 3196 de
1816 3133 2017 3216 poenitentia
2048 3131 2160 3213 lutiae,

144 3216 207 3280 sed
226 3212 312 3282 baec
339 3236 408 3280 vox
430 3218 569 3282 abusive
601 3228 781 3302 usurpatur
811 3238 874 3304 pro
895 3230 967 3287 tota
987 3239 1126 3287 conver-
1176 3216 1353 3298 autCain,
1375 3219 1436 3282 sed
1459 3215 1661 3284 desalutari
1683 3219 1895 3301 poenitentia.

145 3302 260 3367 sione:
309 3303 388 3389 quia
418 3301 511 3383 Bne,
541 3322 665 3369 nomen
698 3301 952 3384 (tamencum,
990 3307 1126 3391 proprie
1262 3302 1330 3369 Alii
1351 3302 1479 3369 malunt
1498 3306 1548 3370 uti
1568 3301 1734 3369 vocabulo
1755 3305 2032 3388 regenerationis,
2059 3324 2159 3389 quarn

145 3384 313 3474 significat
333 3385 491 3454 mulctam
512 3389 546 3455 in
566 3389 662 3467 ior03
692 3389 819 3470 idest,
852 3411 995 3476 poenam
1026 3413 1127 3477 pecu·
1177 3388 1290 3454 dicunt
1319 3390 1386 3458 duo
1414 3392 1449 3455 in
1471 3409 1511 3455 se
1530 3388 1673 3454 babere:
1706 3391 1995 3476 mortificationes,
2028 3402 2062 3455 et
2082 3390 2152 3455 oiri

147 3474 302 3548 uiuriam3
333 3484 378 3557 ut,
405 3477 537 3561 quando
561 3485 722 3562 quaestor
752 3496 881 3561 poenae
912 3475 992 3544 loco
1025 3479 1127 3565 exigit
1175 3475 1366 3562 ficationem.
1411 3476 1480 3543 Sed
1502 3496 1559 3542 res
1581 3476 1699 3542 eoderu
1721 3476 1818 3554 redit,
1846 3477 1924 3561 quia
1947 3475 2159 3540 mortificatio

148 3570 272 3626 certam
307 3579 470 3626 summam
501 3562 662 3646 pecuniae
694 3560 717 3626 a'
748 3564 877 3629 rustico
904 3563 1127 3650 delinquente,
1176 3563 1206 3627 si
1254 3562 1345 3629 ilicet
1378 3563 1626 3639 contritionem3
1677 3562 1856 3627 vivificatio
1885 3561 2053 3647 significat
2082 3581 2160 3626 con·
2283 3571 2285 3576 ’

148 3647 212 3711 das
231 3645 315 3711 beist
337 3646 451 3713 mnan:
499 3657 558 3712 aut
590 3647 722 3732 quaudo
744 3646 872 3714 Rector
897 3651 1032 3716 mandat
1053 3652 1124 3730 tibi,
1177 3582 1375 3714 sothionem
1396 3647 1484 3722 fidei,
1512 3668 1597 3734 quae
1619 3667 1686 3712 non
1709 3660 1760 3714 est
1782 3648 1910 3726 otiosa,
1932 3648 1994 3712 sed
2026 3656 2079 3712 est
2110 3644 2159 3711 ef·

145 3743 184 3798 ιιι
204 3750 263 3798 eas
285 3730 329 3797 ad
351 3751 541 3811 carcerem,
573 3730 628 3797 vcl
649 3731 794 3798 redimas
826 3754 997 3801 carcerem
1018 3737 1126 3803 tribus
1176 3734 1284 3812 ficax,
1329 3744 1364 3800 et
1395 3733 1497 3799 babet
1529 3735 1741 3800 coniunctum
1780 3735 1926 3798 studium
1946 3752 2056 3796 novae
2078 3733 2158 3797 obc-

147 3819 268 3883 aureis.
342 3816 402 3884 lsti
435 3818 527 3884 aurei
559 3830 723 3884 vocantur
754 3815 903 3899 mulcta,
943 3820 1025 3887 Eine
1056 3822 1125 3888 mas.
1178 3821 1339 3898 dientiae,
1361 3840 1460 3904 quam
1482 3818 1617 3886 inchoat
1639 3820 1782 3904 Spiritus
1805 3831 1943 3884 sanctus
1964 3819 1999 3883 in
2021 3818 2158 3882 creden·

146 3903 236 3970 Satis
259 3921 342 3990 ergo
368 3904 578 3971 incommode
599 3901 763 3970 translata
784 3915 837 3971 est
857 3925 925 3971 vox
952 3909 1023 3972 'ista
1043 3907 1126 3985 Bas,
1176 3909 1277 3973 tibus.
1329 3904 1542 3972 blomificatio
1576 3916 1627 3971 est
1659 3907 1818 3972 terminus
1846 3925 1868 3970 a
1895 3923 1979 3990 quo:
2010 3901 2158 3972 vivifica·

145 3988 189 4056 ad
222 3991 488 4055 conversionem.
553 3988 625 4056 Sed
660 3989 796 4057 fuerunt
837 3991 980 4057 maiores
1018 3995 1125 4060 nostri
1177 3994 1298 4060 tio-est
1318 3994 1479 4060 terminus
1500 3991 1544 4059 ad
1565 4011 1672 4078 quem.

145 4076 303 4160 oppressi
333 4075 477 4156 inscitia,
511 4087 545 4143 et
576 4074 731 4142 fascinati
763 4098 783 4143 o
807 4078 973 4144 inionibus
1002 4077 1127 4147 incom-

144 4161 264 4226 modis.
306 4159 387 4226 ldeo
409 4173 628 4248 corruperunt
649 4164 757 4229 vocab
794 4184 827 4229 a.
1075 4190 1077 4194 ·

229 4245 339 4311 Etiam
355 4247 390 4313 in
410 4246 531 4314 Latina
551 4245 667 4316 bama
695 4269 816 4316 nomen
836 4251 1053 4335 poettitentiae
1073 4261 1127 4317 ost
1794 4318 1803 4338 ,
1825 4317 1834 4337 ,
1991 4316 1994 4321 .

70 4382 72 4386 s
144 4330 404 4413 incommodius,
440 4343 473 4399 et
502 4354 588 4419 prop
619 4355 640 4399 a
674 4353 738 4400 sua
776 4335 1020 4422 significatione
1056 4357 1126 4402 uou
1443 4319 1555 4424 Quid
1584 4331 1648 4403 esi
1677 4318 1891 4406 contrlblol

144 4419 296 4504 exprimit
326 4429 429 4486 totam
452 4421 720 4486 conversionem:
754 4424 818 4487 etsi
849 4419 1020 4508 aliquanto
1046 4421 1126 4508 plus

144 4512 198 4569 est
229 4505 420 4588 poenitere,
453 4526 553 4593 quam
584 4503 744 4572 muletam
776 4507 932 4588 solvere,
968 4523 1004 4574 ut
1036 4509 1126 4595 apud
1261 4503 1324 4571 Est
1350 4522 1576 4588 expavescere
1606 4501 1775 4589 agnitione
1802 4503 1873 4568 irae
1899 4499 1964 4566 Dei
1992 4501 2156 4569 adversus

144 4586 298 4656 Poetamt
332 4590 432 4670 Qten
451 4610 528 4657 aere
547 4593 701 4677 poenitet,
731 4594 763 4657 is
782 4613 864 4679 perte
883 4613 948 4659 non
967 4597 1125 4680 peccauit.
1175 4603 1327 4678 peecata,
1360 4601 1394 4656 et
1426 4587 1559 4669 dolere,
1592 4591 1683 4676 quod
1712 4587 1822 4654 Deum
1854 4587 2063 4656 offendimus.
2117 4588 2155 4655 ln

231 4674 330 4750 Quod
369 4677 399 4740 si
437 4675 557 4743 Latina
596 4679 836 4745 consuetudIne
876 4677 1125 4767 intelligendum
1174 4678 1369 4745 Alexandro
1391 4686 1443 4740 est
1464 4673 1584 4752 dolor,
1615 4686 1792 4761 postquam
1823 4675 1989 4741 interiecit
2021 4671 2153 4742 Clitum.

144 4770 239 4827 esset
259 4760 463 4828 vocabulum
495 4765 727 4849 poeniteutiae,
759 4776 878 4850 posset
904 4768 969 4832 dici
991 4767 1126 4833 Germa·
1175 4763 1280 4830 Estne
1302 4762 1478 4830 contritio?
1510 4760 1722 4847 Respondeo.
1754 4761 1849 4837 Nom
1870 4761 1946 4846 quia
1969 4780 2035 4825 nou
2052 4757 2155 4841 dolet,

142 4848 229 4928 uice,
259 4867 327 4914 reto
356 4850 423 4914 ond
462 4850 559 4927 leidt3
597 4859 631 4916 et
666 4861 776 4917 tamen
813 4849 938 4938 aliquid
968 4852 1124 4939 amplius,
1175 4853 1266 4939 quod
1287 4850 1396 4916 Deum
1418 4847 1618 4923 offenderit.
1646 4847 1769 4926 Proba,
1813 4849 1879 4913 uod
1902 4856 2056 4932 oporteat
2076 4867 2155 4912 esso

142 4953 240 5019 quam
273 4928 425 5000 dolorem
458 4955 520 5003 seu
552 4935 781 5004 contritionem
820 4938 1006 5024 signifieat:
1047 4941 1125 5025 quia
1176 4935 1405 5004 contritionem
1436 4937 1471 5002 lu
1504 4935 1745 5004 conversione?
1825 4933 2004 5019 espondeo·
2055 4932 2156 5018 Apud

143 5017 374 5106 complectitur
406 5021 503 5087 etiam
541 5021 724 5091 voluntatis
760 5026 992 5105 mutationem,
1035 5027 1126 5113 quod
1174 5024 1310 5091 Esaiam
1330 5024 1464 5090 dicitum
1496 5023 1553 5088 Ad
1574 5042 1665 5108 quem
1689 5019 1888 5108 rapidam?
1918 5019 1986 5085 nisi
2009 5019 2055 5085 ad
2076 5039 2154 5105 pau·
2273 5100 2276 5109 Ι

143 5104 266 5177 Graeci
292 5116 418 5175 vocant
440 5105 618 5191 paduam,
648 5108 775 5193 idest,
806 5111 1021 5179 mutationem
1048 5131 1125 5180 serr·
1170 5131 1296 5197 peream
1316 5119 1349 5178 et
1368 5110 1542 5178 munitum
1573 5110 1707 5194 spirim,
1738 5115 1771 5174 et
1791 5115 1973 5174 nauantem
1992 5124 2156 5173 semmaa
