4620 5588
150 173 216 279 iri
786 213 896 280 rma
919 212 1025 281 urar.
1049 212 1238 282 scarum
1260 210 1525 279 rxrnnrrcr.
2103 212 2167 279 rar

150 400 210 468 isti
232 401 397 481 hominus,
417 403 451 468 in
474 405 595 489 quihus
614 427 680 469 non
699 418 750 470 est
764 401 869 482 Dens,
893 405 1063 490 rapiuntur
1086 406 1135 470 di·
1186 405 1281 469 sicut·
1295 404 1327 467 in
1350 403 1503 467 omnibus
1525 399 1673 467 historiis
1692 417 1724 473 et
1735 399 1947 482 lectionibus,
1970 423 2035 467 non
2053 414 2167 489 potest

150 488 355 555 versissimis
379 490 546 568 aestibus,
581 489 669 556 alius
695 491 788 555 ardet
819 491 1015 569 ambitione,
1049 487 1134 556 alins
1186 490 1353 555 exhauriri
1374 510 1426 554 ma
1475 490 1567 554 itudo
1590 490 1772 575 sapientiae
1794 489 1934 554 divinae.
1979 490 2047 564 Sed
2078 493 2167 574 prin·

150 573 310 652 libidine,
340 589 371 639 et
405 596 466 661 pro
500 574 675 643 affectibus
705 577 878 655 dimicant,
912 587 945 641 et
973 587 1136 662 quaeruut
1187 573 1305 662 cipalis
1329 595 1417 725 pars
1463 586 1614 640 aerest:
1647 574 1739 639 Dens
1765 573 1836 640 vnlt
1858 590 1992 641 exstare
2021 576 2167 640 testimo·

151 662 319 749 praesidia
341 682 478 727 suorum
495 661 683 729 affectuum.
726 666 823 729 Wenn
842 669 935 729 einer
953 664 1064 746 smttdt
1084 671 1135 746 brt,
1187 664 1242 728 nia
1265 662 1306 727 de
1352 659 1417 738 lio,
1449 664 1491 738 de
1522 661 1674 727 omnibus
1695 660 1844 727 articulis
1867 661 1955 740 fidei,
1988 674 2167 747 propterea

150 768 189 815 ro
216 750 386 815 moriter
412 751 497 814 idme
523 756 617 814 einen
645 760 771 833 partem
801 752 982 831 camapio:
1014 752 1071 815 bat
1099 770 1154 814 er·
1186 750 1232 816 ihi
1254 749 1405 834 synodus
1426 746 1517 814 iacta
1539 759 1609 828 est,
1640 761 1676 813 nt
1704 744 1758 812 illa
1781 748 1969 813 testimonia
1991 748 2167 832 percrebe-

151 841 355 902 coaetanea
378 840 640 917 rnrrttcilleastm
662 856 698 901 so
719 839 805 901 susm
824 855 868 919 er,
890 842 950 901 wie
971 856 1010 901 er
1031 838 1136 901 druna
1188 847 1340 913 suerent,
1376 847 1409 898 et
1440 846 1519 898 nota
1541 834 1657 898 tierent
1679 848 1711 898 et
1735 833 1914 899 celebrata.
1968 834 2063 900 Deus
2098 831 2169 898 vuit

150 922 259 1004 kmnpt
289 923 449 986 dorstad
469 940 572 1005 opera
595 921 716 986 carnis
1160 962 1164 980 .
1187 934 1321 985 asstare
1342 921 1530 985 testimonia
1551 919 1639 1000 fidei,
1662 918 1734 986 vult
1755 932 1889 986 exstare
1906 919 2166 999 confessionem,

239 972 299 1071 lita
320 1003 380 1071 luit
401 1008 647 1090 sapientissima
670 1008 785 1092 virgo,
815 1007 952 1073 assidua
974 1010 1008 1071 in
1031 1003 1134 1071 collo·
1159 986 1164 1082 ,Ι
1186 1005 1258 1072 vult
1290 1007 1476 1071 docuinam
1509 1019 1620 1072 notam
1655 1027 1733 1072 esse
1767 1007 1808 1071 de
1829 1004 1927 1073 Filio:
1961 1004 2032 1073 vult
2065 1006 2166 1071 filium

152 1093 238 1180 quiis
261 1093 548 1158 sanctissimorum
569 1092 750 1158 honrinum.
794 1092 869 1157 Non
893 1092 1022 1157 debetis
1045 1093 1134 1194 cogi·
1188 1097 1326 1180 agnosci
1349 1115 1369 1157 a
1391 1105 1462 1156 tota
1485 1113 1608 1179 genere
1630 1092 1787 1158 humano.
1838 1092 1917 1159 ideo
1941 1104 2167 1181 congregatur

151 1191 234 1259 tare,
256 1192 291 1243 nt
313 1175 413 1265 aliqui
436 1180 613 1258 somniant,
633 1180 722 1266 qnod
738 1175 837 1245 suerit
853 1176 1135 1266 puellaagrestrs,
1187 1181 1350 1267 synodus,
1372 1201 1458 1264 qnae
1481 1190 1533 1244 est
1554 1180 1658 1264 prima
1677 1180 1828 1267 synodus
1844 1179 1931 1245 Novi
1953 1178 2167 1257 Testamenti,

150 1262 207 1335 vel
239 1267 377 1342 rustica,
411 1263 474 1331 etsi
496 1261 560 1329 hae
583 1287 717 1353 qnoque
737 1278 880 1351 possunt
901 1266 1065 1330 interdum
1079 1285 1134 1329 su·
1185 1267 1219 1330 in
1242 1287 1308 1353 qua
1330 1263 1533 1343 illustratur,
1562 1287 1627 1330 non
1651 1267 1727 1331 dico
1749 1269 1914 1345 conditur,
1938 1267 1999 1332 sed
2021 1262 2167 1330 illustra·

174 1371 270 1417 erare
303 1351 444 1438 ingeniis
477 1348 624 1435 puellas,
661 1372 748 1438 quae
778 1365 856 1417 sunt
877 1352 911 1416 in
935 1352 1132 1416 civitatibus.
1186 1364 1239 1418 tur
1268 1349 1325 1417 ille
1347 1349 1508 1417 articulus
1531 1350 1623 1416 fidet:
1659 1353 1837 1435 Conceptus
1858 1353 2167 1439 asperrumum,

88 1442 91 1446 ’
149 1372 321 1504 ldeminern
344 1447 531 1503 contemno.
576 1437 644 1503 Sed
668 1451 778 1504 tamen
801 1439 946 1527 cogitate
969 1433 1134 1503 excellen-
1185 1444 1344 1505 tellaria
1365 1445 1499 1520 rirptne,
1519 1446 1616 1503 ater
1635 1447 1794 1520 annerum
1807 1440 1944 1514 Martium
1969 1440 2046 1524 qnia
2068 1457 2167 1522 opor-

150 1534 204 1591 tes
225 1523 377 1588 homines
399 1535 612 1608 praestantes
635 1527 772 1603 virtute,
806 1527 892 1590 bene
914 1525 1076 1591 educatos
1100 1534 1133 1587 et
1186 1527 1245 1591 tuit
1268 1547 1340 1590 eum
1364 1544 1441 1589 esse
1463 1545 1577 1589 semen
1591 1524 1746 1589 Abrahae
1768 1537 1800 1589 et
1817 1525 1970 1604 Davidis,
1991 1538 2104 1591 natum
2125 1543 2168 1588 ex

150 1611 320 1676 institutos
342 1611 387 1676 ibi
410 1608 525 1674 inisse.
570 1608 612 1674 Et
633 1611 690 1676 nbi
712 1624 765 1675 est
786 1631 868 1676 vera
889 1608 1056 1690 Ecclesia,
1089 1610 1133 1674 ihi
1185 1609 1333 1676 muliere.
1390 1610 1484 1676 Hunc
1506 1606 1681 1677 articulum
1702 1609 1798 1675 Dens
1830 1610 1902 1676 vult
1933 1623 2046 1676 nntnm
2079 1631 2166 1678 esse.

151 1716 285 1801 semper
312 1693 449 1763 multum
475 1708 527 1761 est
555 1697 738 1782 sapientiae
765 1708 799 1761 et
820 1698 1025 1763 emditionis.
1068 1694 1134 1762 Ec·
1185 1697 1263 1762 iden
1279 1695 1334 1761 hic
1353 1694 1550 1777 illustratur,
1573 1709 1607 1761 et
1622 1692 1819 1780 proponitur
1830 1698 2065 1776 testimoninm,
2078 1698 2167 1782 quod

152 1779 255 1850 clesra
272 1803 340 1846 non
363 1783 510 1848 estsine
533 1784 727 1849 eruditione.
771 1783 950 1850 Praeterea
978 1784 1134 1870 cogitate,
1184 1780 1241 1848 ille
1262 1784 1327 1849 iam
1350 1796 1533 1868 conceptus
1556 1783 1610 1862 sit,
1632 1786 1694 1849 dae
1715 1804 1752 1848 er
1770 1787 1961 1866 ldrdnndea
1981 1804 2047 1868 ary.

152 1869 243 1957 quod
265 1869 408 1955 Spiritus
430 1881 570 1934 sanetus
591 1870 624 1932 in
647 1890 687 1934 ea
707 1867 742 1934 lo
768 1870 863 1934 nitur.

203 1956 411 2021 ‚Pharisaei
434 1957 696 2021 dominabantur.
740 1891 891 2021 llerodes
913 1953 1134 2021 latrocinaha·
1273 1954 1397 2020 Addita
1419 1967 1495 2019 sunt
1517 1967 1630 2020 autem
1652 1955 1829 2034 miracula,
1880 1975 1943 2022 uae
1971 1968 2049 2021 snnt
2076 1954 2167 2031 testi·

151 2054 218 2121 tur,
251 2037 380 2108 iecerat
408 2041 601 2119 vastitates,
634 2038 849 2108 interfecerat
876 2043 919 2106 70
947 2061 1067 2120 senes,
1101 2051 1135 2105 et
1185 2043 1307 2106 monia
1346 2039 1408 2105 illu
1430 2040 1552 2106 effoeta
1573 2061 1657 2106 anus
1682 2054 1735 2106 est
1756 1977 1912 2129 gravida:
1946 2046 1978 2107 id
2001 2038 2167 2106 Diabolus

150 2124 385 2206 multosalios,
403 2129 459 2213 qui
474 2146 568 2211 seop
593 2140 763 2207 osnerant,
786 2126 918 2194 sustulit
934 2139 1036 2192 totum
1055 2146 1134 2214 syn·
1186 2148 1253 2191 non
1299 2139 1385 2190 otest
1407 2123 1552 2193 efficere.
1590 2129 1701 2194 Senex
1722 2129 1896 2206 obmutuit,
1917 2128 2042 2194 audivit
2064 2148 2168 2215 ange

151 2214 289 2281 adrium.
344 2212 393 2277 Ea
415 2234 470 2278 res
502 2148 763 2301 intelligentibus
785 2215 960 2279 maximnm
983 2213 1134 2279 dolorem
1186 2210 1254 2278 lnm
1277 2151 1484 2299 loquentem:
1517 2211 1623 2279 hieria
1645 2215 1774 2279 sciebat
1796 2234 1834 2278 se
1857 2216 2029 2303 gravidam
2048 2231 2169 2279 assas

151 2297 269 2368 attulit.
314 2297 403 2364 Nihil
425 2301 525 2387 igitur
549 2301 699 2366 miserius
723 2312 775 2366 est
796 2297 855 2365 illo
872 2312 982 2378 coetu,
1006 2303 1134 2385 quivo·
1186 2299 1311 2384 Spiritu
1340 2309 1475 2379 sancto,
1509 2320 1575 2364 non
1598 2302 1641 2364 ab
1664 2294 1735 2365 ullo
1758 2303 1843 2364 viro.
1895 2299 1978 2365 item
2007 2297 2170 2364 hocerat

152 2398 248 2452 eatur
269 2383 435 2451 Ecclesia.
485 2383 527 2449 Et
549 2398 658 2451 tamen
688 2383 782 2451 Dens
804 2387 942 2472 respicit
964 2386 1052 2450 hanc
1074 2384 1134 2449 hu·
1186 2384 1399 2463 miraculum,
1433 2387 1522 2471 quod
1552 2384 1668 2451 mulier
1697 2384 1795 2471 plena
1817 2385 1941 2471 Spiritu
1970 2397 2088 2450 sancto
2118 2396 2167 2450 te·

150 2473 333 2552 militatem,
354 2472 417 2537 has
440 2473 604 2551 miserias,
627 2473 691 2539 has
715 2469 933 2538 calamitates.
966 2470 1014 2536 lta
1036 2492 1135 2537 voea-
1186 2483 1294 2536 statur
1314 2470 1404 2540 hanc
1425 2467 1568 2556 puellam
1583 2492 1661 2538 esse
1674 2473 1844 2559 gravidam
1863 2471 2166 2556 aSpiritnsanctor

150 2556 232 2627 bula
252 2559 316 2624 ista
337 2571 428 2623 reete
450 2555 617 2624 intellecta
637 2580 701 2624 rros
724 2569 877 2639 monent,
934 2558 999 2623 uod
1016 2556 1133 2622 Eeele·
1186 2557 1267 2623 item
1288 2557 1451 2623 lohannes
1474 2556 1656 2625 iniantulus
1680 2558 1736 2623 dat
1758 2561 1977 2624 testimonium
2000 2559 2033 2622 in
2054 2570 2167 2623 uteros

150 2644 202 2712 sia
224 2646 315 2711 sitin
332 2642 453 2710 talibus
470 2642 725 2723 calamitatibus,
747 2645 824 2709 item
839 2580 932 2731 qnod
947 2640 1134 2711 velitDeus
1185 2642 1297 2708 Mater
1329 2644 1498 2709 sentiebat
1535 2656 1659 2710 motum
1690 2643 1825 2710 infantis
1859 2646 1905 2719 in,
1925 2658 2038 2710 utero:
2079 2644 2167 2729 qnia.

150 2751 289 2799 servare
310 2728 518 2810 Ecclesiam,
545 2741 581 2796 ut
610 2730 715 2816 inquit
737 2729 940 2796 Hieremias:
968 2733 1055 2797 neat
1085 2733 1134 2796 dr-
1186 2730 1319 2815 qnandn
1340 2731 1461 2795 matrix
1481 2726 1635 2809 allicitur,
1657 2742 1762 2797 totum
1777 2751 1898 2815 eorpus
1915 2728 2070 2796 afficitur.
2098 2729 2167 2794 tto

149 2823 264 2886 lectum
286 2823 423 2883 animum
444 2824 479 2883 tn
499 2820 639 2884 mertun
661 2822 865 2883 morborum
887 2823 968 2884 aare.
1023 2813 1134 2882 Valde
1185 2827 1240 2880 tus
1263 2813 1374 2881 foetus
1402 2817 1435 2880 in
1465 2830 1561 2882 utero
1590 2829 1667 2883 sunt
1694 2814 1794 2882 valde
1814 2817 1936 2903 magni,
1970 2818 2043 2882 sive
2074 2816 2167 2895 boni,

149 2901 319 2992 pathetice
339 2901 406 2968 hoc
430 2904 635 2981 dictumest,
658 2924 733 2968 cnm
756 2903 846 2983 dicit,
869 2899 1134 2990 sediligeralic·
1186 2902 1258 2968 sive
1280 2898 1368 2967 mali.
1424 2899 1508 2968 Cum
1537 2900 1654 2969 mulier
1674 2904 1813 2991 gravida
1835 2915 1888 2968 est
1915 2904 1949 2968 in
1972 2912 2169 2968 consterna·

150 2986 305 3068 alesiam,
339 2989 425 3053 siunt
447 2989 588 3053 animam
610 3008 717 3054 suam.
773 2988 821 3055 lta
844 2987 1011 3076 loquimur
1032 2990 1074 3053 de
1096 3009 1133 3053 re
1186 2986 1294 3067 tione,
1326 2990 1428 3054 sentit
1454 2990 1553 3054 etiarn
1580 2987 1714 3067 foetus,
1747 3001 1781 3054 et
1809 2987 1895 3055 male
1928 2986 2081 3055 afficitur.
2125 2985 2169 3052 Et

149 3073 250 3142 valde
272 3072 394 3153 chara,
427 3077 481 3140 dic
502 3075 553 3140 trit
572 3075 636 3140 lted
656 3077 720 3140 irad
740 3077 792 3142 ab
813 3083 897 3142 metu
919 3081 1013 3157 ripen
1033 3077 1133 3156 ledea,
1186 3085 1337 3153 econtra,
1360 3075 1492 3161 quando
1513 3071 1625 3142 foetus
1646 3073 1735 3141 male
1757 3072 1901 3141 afficitur
1923 3076 1957 3141 in
1979 3087 2089 3154 utero,
2111 3093 2169 3138 ne·

148 3169 235 3230 mein
255 3163 347 3245 apen
367 3166 444 3240 rael,
467 3163 551 3226 mein
572 3169 667 3243 aren
687 3165 787 3248 bertr,
809 3164 863 3228 die
875 3164 938 3227 had
954 3163 1007 3228 tea
1023 3167 1134 3228 turrea
1186 3180 1285 3227 cesse
1312 3173 1365 3227 est
1393 3161 1481 3226 allici
1509 3183 1570 3228 cor
1597 3173 1630 3226 et
1652 3165 1841 3240 cerebrum3
1874 3164 1950 3249 quia
1972 3173 2025 3228 est
2046 3179 2169 3247 magna

150 3257 253 3318 caste
272 3252 418 3326 macheu,
450 3254 628 3327 sacramen,
660 3249 747 3314 inter
778 3245 867 3314 bella
895 3260 929 3313 et
956 3246 1134 3314 iatrocinia
1185 3248 1341 3335 cognatio
1359 3258 1393 3313 et
1412 3245 1558 3313 affinitas
1581 3248 1725 3314 matricis
1746 3269 1823 3314 cum
1844 3249 1946 3315 eorde
1968 3259 2001 3313 et
2014 3249 2167 3314 cerebro.

149 3333 274 3415 muita,
308 3341 392 3401 meta
423 3336 523 3400 lteder
550 3336 727 3401 lamnam
758 3337 821 3401 irad
853 3338 905 3401 teu
932 3339 1043 3401 latren
1075 3342 1136 3401 mit
1186 3332 1283 3399 Stetit
1311 3333 1356 3398 ibi
1377 3335 1440 3398 ista
1462 3344 1613 3399 matrona
1635 3335 1790 3422 gravida,
1817 3345 1850 3400 et
1872 3335 1978 3400 sensit
2005 3331 2168 3399 laetitiam

146 3428 267 3509 maren
288 3429 425 3489 treber:
445 3417 522 3486 solo
544 3421 692 3508 aequari,
714 3418 827 3499 deleri,
851 3421 970 3487 abduci
984 3421 1076 3487 cives
1098 3423 1132 3485 in
1184 3420 1411 3485 admirandam
1440 3419 1473 3483 in
1496 3430 1567 3486 toto
1591 3440 1742 3506 corpore.
1787 3420 1823 3486 ln
1845 3422 1910 3486 ista
1933 3421 2088 3485 barbarie
2108 3438 2168 3483 no-

151 3505 313 3588 exsilium,
342 3527 429 3593 quae
450 3516 503 3572 est
524 3507 633 3573 anima
653 3527 745 3572 mea:
779 3505 871 3594 Ergo
893 3506 1005 3572 adhnc
1027 3506 1134 3593 diligit
1185 3516 1267 3586 stra,
1290 3506 1512 3573 consideratio
1534 3517 1672 3573 naturae
1694 3504 1889 3595 negligitur,
1918 3527 2004 3592 quae
2025 3525 2090 3571 nos
2112 3507 2168 3569 de·

149 3592 349 3748 {quiedam
370 3594 468 3661 etiarn
490 3592 575 3658 inter
590 3591 665 3659 illes
681 3594 847 3670 miserias,
868 3604 902 3659 et
917 3598 1132 3660 nonomnino
1184 3593 1291 3744 haba:¹
1308 3593 1489 3658 admonere
1512 3593 1555 3658 de
1582 3590 1695 3660 multis
1717 3596 1829 3660 rebus.
1884 3593 1954 3660 Sed
1988 3593 2091 3662 redeo
2124 3590 2168 3655 ad

173 3691 287 3749 eeret.
1182 3699 1201 3744 s
1248 3698 1343 3745 nos.

236 3766 329 3834 llaec
351 3767 574 3847 considerate,
597 3780 631 3832 et
651 3764 756 3831 nolite
777 3767 864 3831 adeo
881 3763 1063 3850 byelopiee
1084 3765 1133 3833 vi·
1201 3700 1247 3768 yn
1270 3762 1349 3830 Dixi
1371 3761 1478 3831 iirisse
1500 3767 1676 3854 synodum.
1711 3764 1859 3839 Quaerat
1884 3766 1961 3851 qnid
1984 3762 2066 3831 iacit
2088 3782 2168 3850 syn·

110 3875 112 3880 ’
150 3873 240 3920 vere.
286 3851 419 3940 Alioqui
437 3854 521 3919 satis
544 3866 595 3918 est
617 3853 833 3917 miseriarum.
871 3851 1069 3919 Afficiamur
1085 3865 1133 3918 ta·
1185 3853 1283 3931 udus,
1317 3871 1415 3939 quum
1437 3855 1481 3918 oh
1504 3873 1660 3918 caussam
1679 3853 1800 3918 debent
1829 3850 2010 3918 convocari
2032 3849 2168 3936 synodi,

150 3960 227 4008 nren
256 3942 482 4027 magnitudine
510 3941 730 4005 communium
752 3939 973 4004 miseriarum:
1002 3937 1133 4026 Cogite·
1186 3938 1341 4003 conditus
1362 3939 1514 4025 synodus
1531 3934 1693 4004 articulos
1714 3937 1815 4005 iideil
1856 3938 1944 4004 Non.
1988 3936 2063 4002 Fuit
2080 3934 2167 4025 Syn·

150 4046 225 4095 mus
247 4024 324 4091 illas
346 4045 487 4115 magnas
508 4027 672 4105 miserias,
694 4045 833 4175 quarum
854 4022 975 4111 singuli
987 4023 1133 4111 aliquam
1186 4025 1273 4090 udus
1299 4023 1449 4090 Nicaena
1484 4023 1628 4091 collecta
1649 4027 1749 4089 motis
1772 4024 2039 4112 quaestionibus,
2060 4033 2095 4087 et
2117 4043 2167 4087 ar·

150 4124 280 4201 partem
312 4115 488 4179 sustinent.
542 4111 651 4178 Etiam
683 4109 750 4192 ili,
782 4112 838 4198 qni
859 4111 991 4190 ilorent,
1023 4122 1134 4176 tamen
1186 4110 1284 4176 dente
1316 4107 1427 4175 multis
1459 4111 1557 4177 annis
1591 4110 1760 4177 discordia
1793 4112 1834 4177 de
1856 4109 1942 4176 Filio
1965 4108 2044 4190 Dei,
2079 4127 2169 4196 quae

150 4220 220 4267 nnn
246 4212 390 4284 possunt
420 4201 467 4265 ita
495 4196 634 4279 llorere,
667 4199 754 4264 sicut
774 4198 808 4262 in
830 4194 1010 4282 tranquillo
1033 4208 1133 4263 stetu.
1184 4196 1326 4283 primum
1348 4209 1506 4282 coeperat
1527 4198 1731 4282 temporibus
1753 4195 1849 4264 Pauli
1871 4196 2101 4274 Samosateni,
2134 4204 2169 4259 et

152 4284 380 4354 Consideratis
401 4283 498 4351 malis
519 4296 632 4370 potest
649 4283 799 4368 conspici
820 4284 1012 4370 magnitudo
1035 4285 1134 4349 hene·
1185 4283 1326 4349 subinde
1353 4281 1569 4368 repullulavit
1593 4285 1810 4370 sequentihus
1834 4283 2038 4369 temporibus
2060 4300 2169 4369 usque

152 4370 315 4440 doiorum.
359 4370 453 4438 llaec
475 4385 553 4438 snut
567 4370 799 4440 Grammatica
843 4367 1057 4437 Assnei'acite
1077 4391 1134 4437 an·
1185 4371 1228 4435 ad
1251 4370 1494 4436 contentionem
1517 4371 1692 4442 excimtam
1714 4371 1756 4436 ab
1778 4370 1872 4437 Ario.
1909 4369 1978 4434 Sed
1999 4388 2068 4434 non
2089 4385 2169 4433 eon·

151 4470 218 4527 tem
240 4477 316 4539 vos,
335 4469 374 4525 ut
394 4458 628 4547 proprietatem
649 4454 891 4525 vocabulorum
911 4457 1063 4524 discatis.
1186 4455 1266 4520 didit
1281 4455 1595 4542 ‘synodush'icaena
1617 4476 1728 4523 novos
1741 4453 1921 4522 antonios:
1945 4456 1991 4519 ita
2012 4453 2077 4519 hae
2098 4474 2169 4519 mn·

1184 4539 1287 4609 lieres
1319 4559 1388 4606 nou
1420 4542 1567 4609 condunt
1598 4540 1792 4623 articulum,
1850 4542 1919 4608 nod
1946 4539 2091 4605 Messias
2125 4541 2170 4605 sit

1186 4638 1386 4713 conceptus:
1420 4629 1497 4715 quia
1517 4626 1612 4695 Deus
1645 4630 1759 4694 condit
1788 4563 1949 4694 arllculos
1977 4625 2073 4703 fidem
2106 4625 2169 4694 sed

1185 4715 1287 4780 edunt
1308 4733 1402 4780 suam
1426 4711 1687 4782 confessionem
1723 4713 1940 4794 conveniunt,
1972 4724 2009 4780 ut
2035 4711 2168 4778 eunies·
2280 4746 2283 4751 ·

153 4792 314 4880 Locus
349 4792 638 4906 principalis
670 4791 933 4875 doetrinae
965 4791 1014 4876 in
1042 4794 1135 4877 hac
1185 4799 1282 4866 sione
1314 4801 1435 4888 synodi
1461 4802 1651 4868 testimonia
1678 4801 1721 4867 de
1749 4801 1901 4867 doetdna
1928 4808 2072 4866 exstent.
2117 4799 2167 4864 lta

1186 4888 1340 4953 convenit
1362 4885 1519 4975 Synodns
1544 4888 1707 4955 Nicaena:
1733 4883 1876 4952 affirmat
1897 4886 1985 4952 hanc
2006 4904 2087 4953 esse
2100 4907 2167 4953 uo·

533 4946 755 5035 historia.
1030 4984 1037 5004 ·
1076 5032 1079 5037 .
1186 4992 1259 5039 cem
1280 4970 1473 5062 nvrngun,
1503 4975 1595 5063 quor
1615 4970 1719 5039 snus
1740 4969 1805 5038 nat
1837 4974 1883 5039 sn
1911 4973 1953 5039 ao
1975 4972 2168 5040 susanna

1187 5060 1314 5126 ademi
1335 5057 1463 5141 Patris,
1536 5061 1580 5127 od
1602 5061 1645 5127 sit
1665 5057 1835 5142 innodetur,
1857 5079 1925 5125 non
1947 5069 2103 5126 creatura
2123 5076 2167 5124 ex
2203 5083 2205 5087 ·

196 5168 202 5179 ·
240 5143 406 5214 nemrim
436 5158 546 5215 autern
579 5145 720 5234 copiosa
751 5154 806 5210 est
833 5145 868 5212 in
895 5142 962 5213 hac
982 5140 1135 5226 historia,
1185 5141 1291 5212 nihilo
1324 5145 1473 5215 conditas
1559 5156 1617 5214 unt
1648 5144 1893 5214 confusionem
1920 5141 2097 5232 pulchrum
2122 5143 2167 5210 da
