4620 5588
129 227 131 231 ’
160 228 223 297 781
848 223 1489 311 ΡΟὸΤΠὼΑΜΕΙιΑΝΤΗΟΝΙΑΝΑ.
2113 226 2208 294 782;

160 419 280 507 legem.
324 416 524 483 Doceudum
546 427 599 479 est
621 416 720 497 enim,
743 417 832 500 quod
853 411 914 501 lex>
931 435 999 480 non
1017 427 1144 480 tantum
1197 417 1285 480 ciant
1308 414 1459 479 homiues
1483 426 1619 500 propter
1641 415 1791 480 divitias:
1810 416 1916 496 sehet,
1945 438 2013 481 coes
2036 417 2180 506 Staphy-

162 508 379 572 concionetur
401 504 443 569 de
466 505 612 567 externis
635 503 805 606 operibus,
834 512 868 566 et
897 502 986 587 quod
1008 497 1065 566 illa
1088 520 1144 566 ex·
1196 498 1249 566 lus
1272 497 1352 583 thot,
1374 499 1477 565 habet
1500 497 1650 565 venalem
1672 498 1820 586 linguam
1842 501 1886 566 ad
1909 500 2177 571 maledicendum

161 605 256 657 terna
279 587 453 674 disciplina
482 610 549 653 non
584 589 628 652 sit
656 584 802 672 rmpletio
825 585 912 674 legis
919 633 946 667 ‚,
964 589 1026 653 sed
1078 587 1145 652 uod
1198 601 1315 654 contra
1338 587 1592 652 conscientiam:
1627 586 1737 651 Derer
1765 588 1841 653 sind
1861 589 1927 653 ciel
1945 587 2087 654 terruere
2109 598 2182 655 ten·

160 677 216 743 leh
253 675 399 762 postulet
438 678 602 762 integrum
635 674 869 740 obedientiam.
925 608 1146 761 Evangelium
1197 682 1277 738 sent.
1322 671 1453 737 Seneca
1480 674 1599 737 recitat
1629 693 1750 739 versus
1780 671 1947 758 Euripidis
1971 695 2013 740 ex
2035 674 2181 762 Tragoe-

162 761 412 830 assumitarum
434 775 561 847 partem
584 760 756 826 doctrinae
782 759 1024 844 poenitentiae,
1057 756 1146 823 scili·
1169 711 1176 816 Ι
1198 762 1264 838 dia,
1310 778 1373 823 uae
1395 760 1582 825 nominatur
1604 757 1831 843 Cresphontes.
1867 759 2097 847 Cresphontes
2121 762 2208 829 futt‘

164 861 229 929 cet,
251 851 494 913 enarrationem
512 844 608 932 legis.
648 846 726 911 ldeo
748 845 904 910 dicimus:
926 843 1146 931 Evangelium
1169 831 1175 927 1
1199 844 1270 910 Rex
1330 844 1535 910 esseniornm
1559 847 1591 909 in
1616 842 1870 930 Peloponneso,
1905 860 1938 911 et
1968 848 2183 931 pervenitad
2268 895 2270 898 -

164 940 216 1002 e'st
238 935 441 1020 praedicatio
476 933 698 1017 poenitentiae
732 944 766 995 et
793 930 1001 996 remissionis
1028 951 1146 1015 pecca·
1170 964 1176 1032 1
1197 952 1337 1018 regnum
1360 931 1500 1016 decepto
1523 928 1661 1016 pupillo.
1723 932 1772 995 Er
1793 953 1861 998 was
1883 945 1990 1010 tutor3
2024 934 2086 998 sed
2108 935 2118 999 i
2143 952 2185 998 se

163 1038 283 1087 torum.
347 1019 563 1084 hlinisterium
604 1014 776 1103 Evangelii
816 1016 1049 1103 complectitur
1091 1013 1147 1081 illa
1171 1039 1176 1111 ᾗ
1198 1016 1393 1082 interficitur
1415 1037 1435 1080 a
1459 1017 1605 1093 civibus3
1639 1028 1673 1082 et
1696 1038 1780 1082 uxor
1802 1017 1839 1083 lit
1861 1015 2000 1092 furiosa,
2023 957 2182 1086 interCcit

164 1110 242 1187 duo,
266 1105 398 1172 scilicet
427 1104 514 1191 legis
538 1105 799 1182 cuer-rationem,
834 1116 867 1168 et
896 1104 1080 1169 doctrinam
1104 1103 1147 1169 de
1171 1126 1175 1156 ν
1199 1105 1354 1189 proprios
1377 1100 1474 1168 filios.
1504 1103 1552 1168 lte
1575 1104 1631 1167 dat
1652 1125 1779 1187 poenas
1803 1102 1891 1170 illius
1914 1103 2068 1185 sceleris,
2091 1106 2183 1191 quod
2268 1135 2273 1139 ·

165 1195 284 1279 gratia,
309 1196 350 1257 de
372 1188 455 1256 Filio
480 1189 554 1255 Dei.
1171 1170 1176 1295 ἶ
1198 1190 1329 1274 decepit
1350 1186 1525 1275 pupillum:
1548 1188 1730 1276 quialleus
1753 1203 1806 1255 ast
1827 1204 1922 1275 pater
1944 1191 2181 1276 orphanorum.

250 1278 398 1362 Apparet
413 1277 499 1342 hanc
519 1277 713 1342 concionem
730 1295 832 1358 saepe
849 1277 1022 1359 repetitam
1039 1275 1146 1342 fnisse
1171 1298 1177 1368 l
1199 1275 1236 1339 ln
1258 1296 1299 1340 ea
1315 1274 1504 1361 Tragoedia
1525 1274 1757 1361 Cresphontes
1780 1276 1892 1343 laudat
1925 1280 2117 1361 pecuniam3
2147 1289 2184 1345 et

163 1389 184 1431 a
208 1363 359 1431 Christo:
389 1363 502 1428 Lucas
535 1361 613 1428 alibi
636 1365 752 1427 eadem
784 1363 910 1426 recitat.
967 1361 1061 1426 Sicut
1090 1382 1147 1428 ue·
1199 1383 1274 1427 curn
1298 1357 1344 1425 illi
1367 1382 1489 1426 versus
1512 1364 1740 1433 recitarentur,
1764 1377 1854 1427 totns
1872 1361 2017 1448 populus
2037 1362 2184 1449 explosit

164 1472 262 1518 cesse
284 1463 338 1516 est
365 1452 399 1514 in
429 1447 583 1513 Ecclesia
615 1449 772 1513 nraterias
805 1448 941 1514 easdem
975 1448 1081 1530 repeti
1113 1464 1148 1514 et
1198 1458 1359 1524 actorem,
1383 1459 1417 1511 et
1434 1446 1665 1533 Tragoediam.
1711 1446 1858 1515 Prosiliit
1888 1450 1921 1515 in
1951 1451 2093 1515 medinm
2115 1447 2182 1517 Eu·

163 1536 333 1603 inculcari·
389 1534 452 1599 Est
485 1533 620 1599 fatuitas
653 1536 780 1599 dicere:
818 1556 914 1599 urtam
948 1535 1146 1600 senteutiam
1199 1534 1344 1617 ripides,
1379 1544 1412 1597 et
1435 1535 1544 1617 petiit,
1573 1546 1610 1598 ut
1639 1532 1770 1619 placide
1804 1549 2011 1619 spectarent:
2044 1537 2181 1603 visuros

164 1620 270 1688 semel
292 1642 370 1687 esse
404 1621 595 1698 dicendam,
628 1634 661 1685 et
688 1639 820 1704 semper
841 1619 965 1706 aliquid
988 1621 1065 1684 novi
1088 1619 1148 1685 lin·
1200 1638 1297 1699 esse,
1330 1616 1447 1705 quales
1470 1620 1525 1684 det
1545 1639 1673 1704 poenas
1695 1618 1751 1685 ille
1781 1642 1915 1688 avarus.
1984 1623 2034 1687 lta
2063 1634 2182 1708 postea
2298 1680 2305 1688 .

165 1709 319 1794 gendum.
365 1707 503 1792 Hippias
525 1708 616 1772 venit
637 1707 801 1782 Athenas,
823 1719 856 1770 et
877 1707 1002 1772 audivit
1024 1706 1144 1771 Socra·
1199 1705 1312 1771 audita
1335 1719 1387 1771 est
1408 1703 1534 1771 subula.
1600 1703 1763 1773 Erasmus
1786 1710 1959 1774 recitatio
2008 1708 2181 1774 rorerbin:

165 1807 240 1860 tem.
286 1793 368 1859 Cum
390 1796 552 1870 audisset,
573 1794 692 1877 inquit:
711 1795 794 1858 Eece
814 1813 995 1875 sperassent
1016 1811 1068 1857 me
1089 1798 1148 1859 olt-
1199 1789 1361 1856 Pecurn'ae
1389 1792 1539 1857 obediunt
1563 1796 1682 1858 omnio.
1726 1797 1781 1860 Da
1802 1797 1857 1860 list
1879 1814 1917 1858 er
1938 1731 2179 1881 Bellerophon·

164 1885 244 1966 putei
274 1888 349 1946 noct
379 1883 566 1945 auditurum
599 1899 686 1960 esse,
724 1880 822 1960 adfui
852 1888 929 1944 orde
960 1883 1010 1944 20
1031 1898 1146 1953 aanor,
1198 1889 1262 1955 tes,
1286 1879 1347 1943 sed
1370 1891 1423 1944 est
1445 1898 1554 1943 error:
1582 1899 1616 1944 es
1637 1880 1689 1944 sol
1707 1878 1832 1945 heisten
1858 1878 2097 1965 Cresphontes.
2144 1881 2186 1946 liv

164 1969 262 2032 οοάίο
290 1969 404 2032 eadem
442 1985 522 2048 puae
544 1973 619 2030 tuno
645 1969 759 2031 mmihi
815 1962 1010 2049 Respondet
1032 1963 1148 2030 Socra·
1199 1964 1274 2029 dem
1309 1984 1428 2029 versus
1460 1976 1537 2028 sunt
1560 1967 1594 2028 in
1611 1965 1742 2031 Seneca
1769 1963 1827 2031 lib.
1850 1967 1903 2030 21.
1928 1969 1969 2031 ad
1992 1964 2180 2033 Lucilium:

165 2069 233 2120 tes:
266 2051 335 2134 Epo
356 2071 482 2135 seraper
503 2054 575 2116 dico
596 2048 670 2114 edroi
691 2057 764 2137 rupi
797 2053 857 2114 wir
890 2048 996 2115 adeda
1020 2064 1025 2071 ·
1052 2050 1149 2116 Sicut
1199 2048 1344 2116 Pecunia
1364 2053 1476 2134 inpetis
1495 2053 1625 2135 peteris
1646 2051 1779 2117 borrani
1798 2052 1928 2120 omna:
1962 2053 2088 2119 Merito
2121 2055 2183 2120 t‘llo

166 2141 208 2205 de
230 2161 282 2203 me
305 2139 437 2225 quidam
470 2158 528 2223 per
561 2138 671 2204 iocum
699 2139 826 2201 dicunt:
860 2140 1031 2222 Philippus
1062 2143 1152 2203 canit
1198 2144 1317 2201 mettas
1350 2139 1496 2201 coelitum
1525 2146 1623 2221 etque
1653 2138 1812 2205 tamma
1844 2148 1957 2205 mouet.
2028 2139 2098 2203 We'e
2127 2135 2184 2204 ihr

164 2229 300 2293 eoadem
333 2230 535 2292 cantilenam.
602 2224 733 2288 Utinam
774 2225 806 2287 in
846 2235 915 2288 tota
953 2225 1149 2288 aeternitate
1199 2225 1320 2288 ruisset:

164 2332 300 2397 possem
334 2312 473 2377 eandem
507 2308 702 2376 cantilenam
722 2309 858 2374 canere!
913 2309 1083 2374 Fortassis
1112 2278 1177 2382 tul
1219 2342 1365 2407 Mum
1386 2345 1483 2407 ΜΘ
1503 2343 1581 2407 mihi
1612 2345 1748 2426 placant
1769 2344 1909 2411 'lomim
1993 2346 2082 2411 Deos

163 2399 359 2483 ingeniosus
386 2396 503 2476 homo,
538 2399 644 2482 inquit
673 2394 847 2474 Socrates,
878 2415 1009 2480 semper
1041 2390 1177 2459 habes*
1578 2391 1590 2421 ³
1909 2366 1969 2430 ΨΜ
2082 2368 2150 2429 ⁹¹⁸⁶·

165 2481 287 2568 aliquid
321 2484 411 2547 novi.
467 2482 553 2556 Quid
586 2483 686 2569 igitur
715 2494 750 2545 tu
785 2481 883 2546 nobis
912 2502 1000 2546 nunc
1034 2479 1147 2545 adfers
1377 2479 1446 2545 Wie
1467 2479 1568 2546 heisst
1589 2481 1735 2547 darselbe
1755 2503 1831 2549 vers
1854 2481 2008 2549 Graecei

165 2568 264 2636 uovil
307 2572 362 2634 ou
383 2572 485 2635 heheu
506 2576 555 2634 ste
576 2589 620 2633 ou
641 2575 699 2634 ruit
717 2571 874 2635 einander
895 2589 935 2633 su
956 2570 1147 2650 duputtreu.

164 2652 299 2721 Resutat
317 2673 391 2720 eum
414 2653 574 2720 Socrates
608 2653 841 2732 festivissime,
870 2654 956 2719 sicut
979 2665 1031 2718 est
1056 2653 1146 2739 apud

164 2739 418 2826 Xenophontem
448 2742 481 2805 in
500 2743 532 2805 4.
557 2737 613 2804 lib.
637 2737 810 2804 Dictorum
839 2740 1002 2804 Socratis.
1046 2737 1148 2804 Vide·
1285 2737 1425 2804 Ovidius
1446 2737 1505 2804 hat
1521 2741 1630 2805 οοίοοο
1651 2740 1757 2805 draus
1800 2760 1969 2808 mammen.
2002 2740 2054 2807 Eo
2072 2741 2180 2808 libeu-

1317 2602 1410 2685 Δῶρα
1432 2599 1522 2675 hrode
1542 2607 1660 2683 sceldes,
1677 2609 1728 2666 rol
1749 2603 1884 2679 αἰδοίους
1904 2606 2063 2687 βασιλῆας.

59 2875 61 2881 .
163 2832 225 2907 tis,
259 2828 389 2914 quoties
423 2827 557 2893 easdem
589 2829 745 2891 materias
774 2837 901 2910 repetat
929 2823 1085 2890 Christus
1113 2826 1147 2890 in
1169 2871 1177 3008 p
1198 2827 1263 2891 tius
1281 2827 1405 2901 recum
1442 2827 1520 2911 quia
1541 2824 1743 2892 Aristoteles
1780 2829 1846 2892 acit
1866 2825 1963 2895 huius
1987 2826 2183 2914 Cresphon-

165 2916 382 2980 concionibus
415 2914 448 2978 in
472 2913 630 2992 iohanne,
665 2933 751 2996 pene
784 2913 900 2977 iisdem
929 2912 1041 2977 verbis
1065 2933 1146 2998 quo·
1198 2914 1241 2977 tis
1264 2914 1462 2976 mentionem
1483 2912 1517 2976 in
1539 2910 1571 2976 3.
1593 2910 1802 2979 Ethicorum:
1823 2912 1929 2981 Nulla
1945 2906 2094 2983 οοονίῑίο
2111 2916 2184 2982 sine

163 3003 228 3066 ties
250 2996 385 3065 Paulus.
430 3000 540 3087 Atque
563 3001 688 3065 utinam
716 3017 833 3064 omnes
860 2997 976 3063 iisdem
1003 2995 1146 3086 syllabis
1169 3012 1301 3082 tpoeno
1323 3005 1380 3062 est.
1427 2996 1562 3072 Quare?
1613 2997 1680 3065 Vae
1707 3000 1765 3082 qui
1779 3001 1923 3084 molius,
1957 3004 2036 3086 patio
2056 3003 2180 3086 motia-

164 3087 346 3154 doctrinam
372 3083 545 3172 Evangelii
568 3087 600 3150 in
630 3097 699 3152 toto
728 3085 852 3171 genere
878 3085 1024 3150 humano
1046 3104 1146 3150 sona·
1169 3073 1176 3095 ⁸
1197 3085 1295 3150 heris.
2114 3120 2128 3130 κ-
2176 3160 2181 3169 Ι

163 3194 288 3252 remus,
310 3187 346 3236 ut
368 3169 449 3236 nihil
472 3186 563 3236 essct
585 3173 828 3259 ambiguitatis3
853 3184 887 3235 et
914 3172 980 3235 iste
1006 3192 1146 3236 consen·
1284 3166 1490 3255 Sophocles:
1510 3168 1661 3236 Ἐνταῦθα
1673 3170 1780 3253 μέντοι
1796 3170 1896 3239 πάνια
1917 3175 1977 3238 mir
1998 3173 2182 3258 ἀνθρώπων

42 3298 44 3303 1
164 3279 224 3324 sus
247 3257 444 3322 accenderet
473 3259 596 3323 ardens
625 3259 768 3323 studium
802 3258 1037 3321 invocationis:
1069 3259 1146 3345 quia
1197 3263 1287 3336 νοσεῖ,
1319 3264 1421 3331 κακοῖς
1455 3261 1526 3320 ὅταν
1557 3263 1694 3323 θέλωσιν
1727 3259 1834 3324 ῖᾶοδαι
1863 3260 1954 3326 κακά.
2020 3258 2182 3328 Homines

163 3346 249 3408 inter
277 3354 369 3407 tanta
401 3343 538 3407 dissidia
572 3345 724 3408 turbatur
754 3344 789 3408 in
821 3340 935 3407 multis
967 3344 1145 3408 invocatio.
1197 3343 1328 3428 wando
1350 3336 1458 3407 colunt
1477 3345 1610 3423 undet,
1631 3346 1683 3409 vel
1702 3364 1826 3412 sonere
1844 3348 1940 3428 unuln,
1963 3355 2038 3411 tutto
2060 3354 2200 3432 cupere

165 3433 210 3497 Es
243 3435 379 3495 latreia
408 3436 537 3509 perirem
569 3431 738 3495 Autonoe
762 3431 897 3511 predtpt
922 3437 1059 3512 pareest,
1092 3433 1147 3496 die
1196 3431 1285 3494 malo
1306 3430 1508 3507 rnedicmtdo,
1525 3429 1656 3495 scilicet
1677 3451 1745 3496 non
1768 3444 1860 3497 recte
1882 3432 2088 3497 medicando.
2113 3431 2178 3500 Eu·

164 3534 241 3582 mort
272 3516 484 3581 ulleutholdeo
508 3517 681 3597 reprcunt
698 3516 765 3579 hot.
810 3511 853 3577 D.
875 3512 1040 3578 Martinus
1068 3526 1146 3580 anta
1196 3514 1338 3599 ripides:
1376 3505 1513 3601 ὦμῶρε
1546 3523 1651 3590 &onae
1682 3522 1713 3581 tr
1744 3525 1845 3593 κακεϊς
1878 3516 1913 3581 οὐ
1941 3527 2089 3604 συμφέρει
2132 3518 2180 3586 Es
2259 3561 2267 3587 .-

165 3621 272 3667 annos
294 3596 366 3665 tere
387 3599 621 3687 quadraginta,
657 3599 845 3684 composuit
874 3600 1069 3667 concionem
1096 3611 1145 3666 ta·
1194 3600 1273 3685 pete
1305 3599 1375 3666 sich
1400 3603 1489 3665 einer
1517 3605 1551 3665 in
1575 3603 1704 3687 pertrait,
1737 3623 1776 3669 so
1802 3603 1866 3668 hou
1889 3624 1926 3669 er
1947 3607 2012 3670 viel
2032 3604 2108 3670 ater
2125 3608 2177 3671 etit

165 3685 230 3753 lem
252 3707 456 3752 communem
480 3683 560 3769 illis,
587 3688 643 3836 spui
673 3683 818 3752 tucrum·
833 3685 866 3751 in
894 3687 1044 3769 proximo
1073 3684 1146 3752 Μο-
1197 3689 1276 3770 diue
1298 3695 1415 3771 tropen
1443 3687 1528 3752 deun
1552 3697 1653 3754 sortst.
1720 3688 1855 3774 Pauper
1885 3692 2007 3776 spiritu
2046 3692 2179 3772 dicitnr,
2207 3705 2209 3709 ·

164 3775 324 3845 nestorio,
342 3775 396 3840 bei
410 3772 556 3840 Breueu.
616 3775 650 3839 bi
671 3784 767 3838 erant
787 3772 980 3852 Antonltae,
1009 3773 1043 3838 iu
1065 3793 1146 3858 quo·
1197 3773 1254 3861 qni
1276 3787 1330 3840 est
1353 3769 1472 3838 volens
1494 3795 1635 3860 pauper:
1663 3774 1714 3842 'l'u
1735 3796 1774 3841 es
1796 3797 1923 3862 pauper
1945 3778 2088 3844 inritus:
2117 3775 2178 3843 Er·

165 3881 238 3928 rum
261 3857 480 3946 gratiamleeit
507 3858 550 3924 D.
573 3856 737 3924 Martinus
770 3860 977 3925 concionem.
1029 3856 1146 3925 Paula·
1197 3880 1242 3945 go
1264 3880 1331 3925 non
1355 3880 1394 3924 es
1417 3881 1543 3946 pauper
1565 3861 1691 3945 spiritu.
1736 3861 1883 3947 Spiritu,
1916 3864 1950 3928 id
1984 3876 2055 3942 est,
2073 3864 2178 3950 spiri·

166 3948 223 4012 tim
245 3944 336 4013 sacta
358 3958 410 4010 est
431 3946 634 4024 emendatio,
662 3947 765 4013 daher
790 3954 871 4012 nent
888 3965 986 4011 maus
1007 3953 1061 4012 ein
1082 3951 1146 4013 Aa·
1198 3946 1278 4011 tuali
1301 3945 1489 4011 obedientia
1511 3946 1678 4013 inchoata.
1723 3947 1876 4028 Quaero,
1897 3960 2005 4016 utrum
2028 3950 2077 4016 sis
2100 3971 2179 4034 peu·
2211 3996 2217 4009 .

166 4040 285 4100 terrim
303 4035 451 4116 predum:
472 4031 505 4097 id
527 4045 591 4112 est,
613 4052 698 4117 quae
721 4051 823 4182 saepe
845 4031 1015 4114 repetitur.
1196 4052 1258 4117 per
1276 4030 1439 4118 spirituali
1460 4034 1670 4113 obedientia,
1689 4056 1732 4101 an
1755 4057 1830 4101 cunr
1853 4036 2089 4121 indignatione.
2211 4099 2217 4107 .

253 4118 350 4184 lustls
374 4119 472 4183 debet
495 4119 581 4184 bane
602 4137 700 4197 esse,
727 4119 777 4183 sci
793 4121 858 4183 icet
884 4120 1066 4185 secundum
1090 4118 1145 4184 dc·

166 4203 380 4272 cierationem
409 4201 595 4291 Evangelii.
654 4203 728 4269 lloc
765 4201 869 4269 multa
902 4201 1146 4290 complectitur,
1197 4245 1235 4349 Q
1290 4257 1311 4328 t
1423 4258 1443 4328 t
1568 4247 1608 4331 b.
1689 4249 1718 4330 h
1745 4249 1758 4330 l
1803 4250 1834 4331 ti
1861 4251 1869 4267 .
2144 4251 2154 4270 .

166 4290 297 4357 scillcet
336 4292 564 4377 exceptionem
605 4291 835 4377 castigationis
874 4302 908 4355 et
945 4292 1075 4371 crucis,
1111 4300 1146 4356 et
1237 4273 1291 4329 ΠΟ
1348 4275 1424 4328 sun
1479 4274 1569 4328 m⁰r
1597 4277 1610 4328 ¹
1648 4277 1690 4330 ⁸⁰
1720 4278 1803 4332 ⁰⁸⁸
1835 4278 1872 4332 0¹
1910 4278 2049 4334 eorum
2086 4274 2178 4335 ΠΝ·

167 4378 256 4463 quod
282 4377 378 4444 nuncl
400 4390 470 4444 tota
498 4375 640 4442 humana
662 4386 781 4442 natura
803 4378 847 4441 slt
867 4378 1020 4443 subiecta
1041 4377 1145 4458 cruci,
1587 4369 1788 4452 versales?
2174 4374 2177 4379 ’

167 4475 200 4528 et
226 4464 341 4543 morti,
373 4476 407 4530 et
435 4466 537 4530 variis
571 4464 751 4542 aerumnis,
782 4475 815 4527 et
847 4464 940 4549 quod
974 4462 1145 4529 differatur
2176 4506 2179 4511 -

167 4547 366 4637 glorificatio
383 4553 428 4619 ad
449 4551 728 4617 resurrectionem
752 4560 968 4616 mortuorum.
1283 4548 1387 4615 Tres:
1410 4547 1608 4628 catarrhus,
1630 4552 1783 4632 Scabies,
1804 4563 1838 4618 et
1859 4553 2056 4640 Paupertas.
2086 4554 2180 4623 Esus

297 4670 903 4842 mammem
918 4669 1145 4754 '‘uere
1196 4636 1489 4789 torreret?
1500 4632 2180 4816 ml⁰2htfltftttttf⁰r⁰t⁶¹tt⁶tdt

297 4846 383 4926 pm
396 4854 562 4910 merem,
573 4851 670 4911 ,pam
686 4849 854 4910 aemam
864 4863 926 4909 m
941 4849 1145 4927 metm
1169 4838 1175 4886 ι
1196 4807 1362 4961 pclprepen.
1399 4808 1512 4961 ¹Pictas
1536 4823 1670 4964 tabes?
1691 4813 2029 4963 ppuperenrbgpidtu,
2052 4814 2086 4879 id
2101 4826 2174 4964 least,

253 4980 468 5066 Respondeo.
514 4982 670 5050 Christus
691 4979 845 5069 ,loquitur
874 4980 916 5045 de
943 4983 1146 5067 pauperibus
1198 4915 1582 5062 οέϋθῦἳοῑὶῃὲῑίἓειὲἱωοὲι
1602 4918 1695 5051 Ιιιὲῗι1
1717 4918 1964 5064 διωξοωνὲιοιξῗ
1994 4912 2037 5052 hh
2057 4921 2178 5054 vappo-

167 5071 301 5155 spiritu:
324 5069 384 5133 uir
405 5067 511 5133 hetten
533 5073 597 5136 otte
615 5088 716 5152 perte
731 5069 806 5146 viel,
830 5079 863 5133 et
885 5068 1023 5146 videtis,
1045 5088 1146 5154 quan·
1198 5066 1266 5134 lum
1288 5068 1524 5155 lmperatorem
1545 5066 1697 5169 Marehio
1726 5070 2083 5161 Brundeuburgeusis,
2117 5094 2175 5140 aa·

166 5171 222 5222 tae
244 5158 312 5223 sint
326 5152 447 5222 laudes
457 5156 653 5235 divitiarum,
676 5175 774 5243 quam
792 5151 896 5221 multa
912 5151 1077 5222 scelerute
1099 5150 1146 5222 fa·
1199 5164 1385 5242 grotantem
1419 5157 1611 5244 Augustae,
1645 5168 1679 5222 et
1711 5177 1786 5224 oum
1819 5157 2003 5243 imperator
2033 5160 2176 5227 heberet
