4620 5588
160 208 227 284 mr
489 160 493 167 ’
800 205 913 278 ann.
934 207 1041 278 uae.
1063 206 1253 279 sennua
1272 205 1539 277 musnet.
2113 207 2186 278 ω
2244 188 2247 192 ’

165 407 290 472 debant
316 415 466 488 temporo
486 400 729 476 Romanorum
761 402 841 485 qnia
871 399 1013 466 Romani
1045 400 1144 467 relin-
1196 399 1328 479 zupebsn
1359 401 1394 464 in
1433 400 1675 485 congressibus
1705 395 1868 484 publicis,
1905 397 1987 459 dena
2019 400 2055 462 in
2082 403 2182 464 einen

134 494 310 580 'quebant
331 488 523 571 aianeoane:
546 487 582 550 ld
605 509 670 552 non
693 483 838 553 faciebat
859 487 1056 553 Antiochus.
1196 487 1395 550 iretrchmnr.
1439 483 1574 550 Debent
1602 505 1679 551 esse
1707 498 1824 572 gestus
1854 484 2081 572 significantes
2104 510 2180 575 gra·

252 579 360 661 Saepe
382 587 506 640 tentata
528 593 584 637 res
607 585 658 638 est
680 575 713 637 in
737 572 932 638 Germania:
960 572 1019 635 Ain
1041 582 1143 637 ersten
1197 575 1342 640 nitatem.
1388 570 1513 636 Postea
1534 583 1677 657 possunt
1698 592 1776 637 esse
1798 569 1923 636 multae
1945 569 2031 638 uliae
2054 573 2179 661 signiti-

164 662 269 726 Fronz
291 683 349 724 aare
378 661 558 742 Sici-ingen,
591 659 732 722 ‹inirriach
759 661 813 722 die
845 659 991 733 Bouron,
1024 673 1144 747 postea
1197 663 1346 724 cationes
1369 660 1506 724 istorum
1529 660 1660 724 rituum.
1703 659 1779 723 Fuit
1807 655 1954 725 sortasse
1976 661 2108 746 signum
2131 659 2180 727 lu·

165 750 220 812 dia
252 771 287 810 :a
319 749 475 816 Mandat,
509 747 571 807 dns
602 768 668 808 war
701 748 751 807 ain
784 747 958 827 offentiicba
991 748 1141 830 teaffelep.
1198 759 1274 812 etus
1296 748 1330 810 in
1352 745 1529 831 agentibus
1553 746 1796 830 poenitentiam.
1831 745 1896 818 Qui
1916 749 2123 812 accedebant
2135 749 2180 812 ad

164 836 349 916 Mnryproff
368 833 514 898 Albrerht
541 832 598 894 bnt
624 831 704 893 urach
726 833 779 893 utic
799 833 888 915 stifft
909 836 1144 915 ee‘npennnmrrn,
1195 853 1300 910 aram,
1321 832 1528 896 accedebant
1550 852 1625 896 cum
1648 833 1852 919 cogitatione
1873 832 1957 911 irae,
1980 843 2012 897 et
2035 834 2180 900 iustitiae

165 924 312 989 ostendit
345 941 384 985 se
417 933 481 986 tarn
510 941 583 984 uunr
617 916 828 985 liberatorem
862 917 1045 986 Ecclesiae.
1095 921 1144 982 Iat
1195 916 1275 984 Dei:
1298 929 1331 983 ct
1353 914 1449 983 simul
1472 919 1688 1004 erigebantur
1710 917 1775 982 lide
1797 920 1829 983 in
1852 920 2179 998 istameestitia‚·in·

164 1009 226 1070 idm
265 1008 352 1069 reiciet
393 941 561 1087 peratiae.-
598 1005 674 1091 lpse
715 1028 781 1071 non
817 1020 904 1085 erat,
971 1027 1009 1070 er
1047 1028 1144 1092 quem
1195 1016 1326 1070 tuentes
1348 1002 1465 1069 Filium
1487 1001 1553 1070 Del
1579 1005 1613 1069 in
1635 1005 1925 1087 promissionibus.
1970 1004 2103 1072 Etbnici
2125 1027 2181 1072 re·

75 1116 78 1122 ·
164 1094 260 1162 Deus
285 1105 357 1160 erat
387 1091 588 1158 liberaturus
619 1089 739 1174 lsrael,
773 1092 842 1155 Wie
870 1097 903 1153 in
931 1029 1144 1159 blaccabaots
1196 1093 1364 1156 tinueruut
1385 1101 1556 1155 externum
1581 1104 1711 1177 gestum
1732 1104 1908 1176 acceptum
1929 1115 1951 1158 a
1971 1095 2120 1178 patribus
2143 1095 2180 1159 in

162 1180 271 1245 stabat.
315 1179 406 1245 Raro
429 1182 610 1258 πιαοζηλίας
632 1191 711 1244 sunit
733 1175 860 1245 felices·
906 1177 996 1246 Nihil
1020 1192 1144 1245 estau·
1196 1176 1368 1255 Ecclesia,
1402 1178 1464 1242 sed
1498 1178 1681 1246 amiserunt
1714 1179 1911 1246 doctrinam.
1969 1180 2037 1241 Der
2067 1179 2179 1242 nebim

164 1268 280 1333 dacius
302 1268 365 1330 iarn
389 1267 594 1351 quorundam
617 1267 884 1349 praecipitantia3
906 1287 964 1327 eon
976 1266 1075 1328 darien
1087 1267 1145 1327 der
1167 1240 1172 1373 Ι
1196 1263 1313 1330 Enoch
1343 1266 1386 1326 r'rt
1413 1266 1464 1324 rin
1495 1262 1628 1326 ardinor
1647 1263 1772 1326 nederc.-
1804 1265 1973 1352 significat
2006 1267 2178 1333 initiatum.

162 1373 233 1417 oers
266 1375 302 1414 :a
333 1352 488 1413 rirercltrit:
522 1349 605 1426 Νεῦς
633 1351 802 1435 φιλοδόξων
834 1352 971 1499 vagaitana
1002 1363 1144 1438 nonnata:
1196 1350 1321 1417 Postea
1343 1346 1584 1415 transtulerunt
1604 1351 1646 1417 ad
1673 1349 1855 1436 quamlibet
1876 1373 1959 1430 rem,
1980 1373 2067 1440 qnae
2087 1355 2180 1418 attri-

162 1438 315 1501 Prucroae
336 1437 468 1509 nioliiin,
492 1437 547 1501 ete
569 1456 602 1498 es
628 1439 704 1518 reiff
723 1438 814 1510 wind,
844 1447 914 1500 rant
940 1461 973 1501 cr
994 1440 1143 1502 retronea.
1196 1438 1309 1503 buitur
1330 1438 1455 1515 sacris;
1484 1437 1517 1500 ld
1545 1449 1615 1509 est,
1637 1439 1681 1502 ad
1703 1458 1800 1504 usum
1823 1449 1857 1504 ct
1879 1440 2093 1506 ministerium
2116 1438 2179 1504 Ee·

163 1525 290 1587 Inrenir
312 1525 497 1590 vinditianus
522 1532 631 1604 rescat,
665 1532 827 1607 nucimento
852 1528 1041 1591 rnntrrrasrit.
1070 1526 1145 1590 'Vi·
1168 1572 1173 1622 Ι
1198 1521 1335 1588 elesiae.
1379 1522 1523 1588 liebraei
1545 1518 1662 1590 ludunt
1683 1527 1739 1587 mit
1760 1525 1829 1586 dem
1843 1525 2011 1593 vocabulo
2026 1525 2177 1590 resena.

164 1611 262 1686 detis,
285 1624 442 1698 quantum
464 1611 507 1675 sit
529 1606 724 1690 clamorum,
747 1610 1144 1698 quamriihilmodestiae.
1197 1606 1336 1688 Dicunt,
1364 1610 1452 1695 quod
1479 1605 1598 1676 literae
1619 1612 1704 1676 istae
1725 1611 1918 1762 significent
1945 1611 2075 1698 tempus
2096 1611 2179 1678 libe·

1197 1698 1352 1775 rationis,
1385 1707 1418 1760 et
1451 1698 1640 1780 recuperati
1668 1707 1756 1781 temp
1772 1701 1799 1776 i,
1827 1697 1984 1764 videlicet
2012 1699 2099 1764 diem
2120 1700 2179 1764 25.

261 1832 486 1902 nonno
507 1832 631 1901 xxvi
653 1833 768 1900 voa
788 1833 1045 1902 anons-
1196 1778 1493 1934 srasta.
1506 1780 2189 1954 ‘aa‘nassiternas

1196 1954 1257 2016 den
1289 1962 1346 2035 top
1379 1953 1594 2022 catharinae:
1627 1955 1724 2018 Sonat
1744 1957 1854 2020 aaran
1885 1979 1920 2020 er
1941 1959 2012 2040 oriff
2030 1956 2182 2024 natalem

1196 2039 1322 2105 Christi
1351 2039 1463 2119 fallen,
1496 2041 1555 2103 der
1586 2043 1696 2124 konrpt
1721 2045 1792 2124 cerff
1805 2043 1867 2106 den
1888 2045 1941 2109 25.
1964 2043 2179 2113 Decembris.

248 2147 352 2211 Facie
383 2156 456 2210 sant
484 2156 585 2210 entem
612 2146 778 2210 Enceenio
806 2146 1054 2230 Hierosolyrnne.
1195 2126 1272 2191 Man
1292 2127 1376 2232 donn
1399 2128 1452 2189 dic
1473 2148 1607 2194 menses
1629 2129 1716 2234 nield
1737 2150 1887 2211 sopenna
1898 2131 2182 2206 contumatiam

1194 2225 1301 2279 nostri
1330 2233 1464 2280 menses
1500 2226 1579 2280 sunt
1606 2214 1749 2300 pohtrcia
1777 2219 1926 2303 ipsorum
1953 2238 2085 2286 menses
2107 2216 2180 2285 iue-

339 2308 451 2413 Quid
481 2308 712 2420 significant
741 2307 971 2395 Eumenia?
1194 2313 1271 2366 runt
1294 2297 1441 2368 lunares.
1486 2301 1550 2362 Hie
1571 2301 1689 2365 stabat:
1710 2300 1754 2363 lit
1776 2311 1846 2366 eret
1861 2303 1976 2388 apeme.

246 2472 381 2542 Festum
403 2475 638 2556 invocationis,
661 2475 859 2560 birchwcyb:
880 2448 1142 2541 Gneot'tatau
1431 2498 1554 2584 Unde
1586 2499 1732 2583 dicitur
1763 2494 1929 2584 stleup

157 2568 281 2642 panant.
325 2562 585 2629 innovationem.
630 2560 795 2629 Hebraico
823 2565 866 2624 ist
894 2562 956 2624 dns
977 2569 1057 2624 wart
1078 2561 1141 2629 lle·
1914 2566 1927 2593 ⁹

156 2646 259 2727 norb,
280 2648 438 2729 initiatus,
461 2650 646 2730 dedicatus,
667 2671 689 2718 a
709 2649 824 2731 trochia
844 2651 880 2716 id
901 2660 966 2731 est,
988 2650 1141 2733 initiatio,
1278 2644 1311 2711 Α
1333 2644 1438 2720 Keil,
1471 2648 1562 2734 quod
1594 2647 1763 2736 significat
1795 2648 1964 2715 Orionem
2008 2648 2087 2714 Nou
2116 2650 2179 2719 du·

158 2734 336 2802 dedicatio.
1192 2733 1283 2800 bium
1317 2745 1369 2800 est
1402 2732 1491 2817 mibi,
1524 2737 1604 2821 quin
1637 2756 1758 2802 nomen
1787 2737 1913 2802 mensis
1935 2735 1981 2802 sit
2006 2732 2134 2803 fuctum
2153 2757 2180 2804 a

1190 2817 1331 2906 pulchro
1353 2817 1412 2887 illo
1433 2821 1556 2902 sidere,
1578 2824 1668 2909 quod
1691 2825 1897 2909 conspicitur
1917 2821 1986 2902 boe
2012 2835 2178 2910 tempere,

207 2930 404 3015 Nostrum
434 2931 609 3016 verbum
639 2943 776 3028 omnen,
805 2932 916 3016 unde
947 2930 1094 3026 venit?
1190 2909 1516 3076 gamm&
1527 2910 1762 3064 ssssffiffii'v
1785 2908 1910 3062 Qum
1930 2921 1966 2976 ⁰¹
1986 2908 2076 3046 Μ·
2095 2928 2183 2978 ’Μ

369 1988 635 2078 Evangelium
658 1988 854 2057 lobannis
879 1990 936 2056 10.

241 3077 343 3144 Venit
369 3100 390 3144 a
417 3080 518 3160 pisan:
546 3081 624 3166 quia
650 3105 674 3162 μ
702 3093 735 3148 et
755 3084 792 3166 β,
823 3093 902 3148 sunt
922 3080 1056 3152 ,literae
1081 3101 1137 3150 oo·

1190 3205 1301 3311 Quid
1332 3221 1448 3291 erant
1484 3180 1687 3294 Eucaenia
1724 3210 1801 3316 ille,
1833 3212 1886 3296 de
1924 3212 2070 3322 quib'us
2107 3194 2178 3295 laic

1492 3342 1632 3415 textus
1663 3333 1867 3444 loquitur?
2103 3393 2106 3398 -

1274 3513 1351 3579 Fuit
1371 3508 1494 3578 festum
1516 3513 1702 3581 institutum
1728 3525 1867 3602 propter
1895 3460 2180 3585 instaurationem

24 3665 26 3669 ,
412 3598 491 3745 guia
512 3594 572 3678 illi,
591 3600 647 3685 qui
667 3597 899 3679 initiabantur,
926 3596 1135 3683 velabantur,
1188 3594 1300 3682 templi
1321 3598 1454 3665 annos.
1475 3600 1574 3666 iudae
1590 3597 1800 3682 Maccabaei,
1817 3602 1924 3670 eiecto
1936 3600 2174 3683 rursus‘idolo,

151 3689 191 3748 ut
215 3683 304 3767 apud
326 3680 422 3770 Virgi
438 3684 503 3748 ium
530 3685 596 3749 iarn
619 3695 686 3750 stat
709 3684 873 3750 sacerdos
901 3685 945 3751 ad
967 3705 1059 3751 arant
1081 3705 1135 3752 ve-
1188 3696 1223 3751 et
1243 3697 1442 3771 recuperato
1463 3696 1498 3751 et
1513 3698 1664 3837 Kargato
1685 3684 1818 3839 templo.
1863 3687 1927 3755 Est
1947 3685 2175 3774 pulcherrima

239 3591 384 3672 valensa

151 3763 253 3837 latus.
304 3767 403 3830 Warm
423 3788 495 3830 mun
517 3772 606 3832 einen
626 3769 684 3833 bot
704 3770 864 3853 praeibat,
884 3768 1079 3838 obvolutum
1101 3784 1135 3838 et
1187 3767 1327 3837 historia
1359 3769 1422 3838 illa
1446 3772 1481 3837 in
1529 3773 1609 3838 'bris
1631 3773 1749 3840 blecca
1773 3794 1923 3854 aeorum,
1955 3786 1989 3841 et
2020 3786 2075 3841 est
2101 3787 2175 3843 toas

151 3851 300 3922 relatum
323 3865 376 3919 cst
399 3855 431 3920 ei
453 3868 555 3941 capnt
580 3857 696 3937 mitra,
728 3870 787 3924 aut
807 3853 998 3924 veiamento
1020 3856 1134 3945 aliquo
1188 3857 1376 3944 cogitanda.
1421 3855 1592 3926 Eacaceia
1625 3871 1720 3926 erant
1753 3856 1861 3928 festus
1882 3862 1968 3941 dies,
1999 3861 2173 3928 instimtus

151 3937 260 4009 simili.
304 3939 381 4007 Non
404 3944 559 4028 cogitetis
587 3941 696 4009 fuisse
717 3940 817 4010 talem
835 3943 1024 4011 barbariem
1045 3957 1135 4011 vete-
1187 3959 1324 4093 propter
1345 3946 1536 4012 memoriam
1557 3947 1747 4032 recuperati
1775 3944 1906 4033 templis
1932 3948 1998 4013 soie·
2013 3946 2077 4010 aot
2099 3947 2172 4010 aisa

149 4046 244 4107 ram,
272 4038 308 4094 ut
334 4025 415 4094 nibil
436 4027 617 4095 habuerint
644 4027 864 4116 singularium
885 4031 1006 4098 rituum
1028 4030 1063 4096 in
1084 4050 1136 4098 sa·
1187 4051 1248 4094 aue
1289 4030 1376 4093 nieht
1392 4034 1483 4110 ferne
1504 4031 1609 4096 dormi
1630 4036 1684 4106 itt.
1706 4034 1796 4119 quod
1816 4035 1860 4100 ad
1882 4036 2176 4108 messanensem·

56 4114 62 4134 '
150 4112 296 4189 orificiis
318 4126 353 4180 et
374 4114 449 4181 aliis
472 4113 617 4202 publicis
638 4117 848 4184 ceremoniis.
927 4133 933 4144 ·
1187 4118 1321 4205 qnando
1343 4117 1501 4203 templum
1524 4130 1578 4184 est
1599 4116 1790 4185 absolutum
1811 4131 1960 4207 tempore
1977 4119 2179 4188 liebemiae.¹

1186 4203 1271 4266 Ater
1291 4203 1350 4266 der
1371 4213 1441 4267 teat
1460 4211 1535 4286 sept
1553 4204 1595 4271 de
1616 4201 1670 4272 bis
1691 4203 1888 4287 Enoaeniis,
1911 4226 1999 4293 quae
2019 4219 2104 4272 sant·
2119 4207 2171 4272 in·

384 4308 520 4413 aare
552 4310 716 4395 a...
744 4312 898 4396 vau
1187 4288 1630 4456 amissarii
1658 4290 2222 4446 ..satenrani

237 4460 372 4526 Aetati
396 4461 638 4527 ostendendam
703 4461 877 4541 unitatem,
903 4460 959 4527 vel
979 4464 1136 4530 attentio·
1186 4473 1277 4529 stare
1309 4464 1344 4528 in
1378 4461 1501 4549 templo
1561 4465 1604 4545 ei,
1644 4463 1772 4532 etheri
1801 4476 1868 4532 tarn
1889 4475 1976 4532 tetra
1998 4461 2169 4550 exemplaa

150 4563 240 4628 nem,
262 4555 321 4612 ant
342 4546 370 4612 si
398 4566 474 4612 num
495 4544 618 4624 luctus,
680 4557 825 4614 teterunt
845 4545 946 4615 relati
967 4559 1134 4635 tamquam
1185 4551 1291 4616 teneri
1316 4548 1473 4637 templum
1494 4571 1515 4617 a
1538 4550 1706 4636 praesidio
1734 4553 1956 4638 pessimorum
1983 4548 2166 4633 hominum,

79 4650 84 4655 ·
147 4627 314 4720 lugentes.
359 4567 447 4698 ilino
468 4631 569 4720 igitur
588 4635 729 4700 verbum
748 4628 849 4716 pianr,
872 4635 963 4721 quod
977 4585 1163 4724 inprimi-l
1230 4655 1270 4704 os
1293 4637 1420 4703 desae
1448 4637 1595 4705 exerdtu
1622 4633 1803 4724 reliquerat
1824 4636 2034 4718 Antiochus,
2061 4650 2096 4705 et
2117 4639 2166 4705 ibi

148 4717 218 4783 tiva
241 4716 487 4805 significatione
509 4729 563 4785 est
584 4716 716 4797 velare3
743 4742 806 4806 per
826 4719 1062 4808 hieronymiani
1088 4723 1133 4788 si·
1209 4723 1257 4788 eri
1278 4734 1395 4810 raptas
1416 4724 1594 4812 reginum,
1613 4720 1864 4792 adolescentum
1876 4724 2013 4805 medea,
2034 4736 2088 4792 stu
2144 4797 2145 4800 ,

71 4854 77 4861 .
196 4802 287 4869 ificat
320 4806 419 4872 etiam
453 4806 592 4872 initiare.
643 4806 759 4870 Dnoon
790 4805 897 4890 bennit
928 4806 1133 4896 Mysterium.
1184 4806 1352 4896 Cogitate,
1380 4821 1504 4897 quanto
1532 4811 1567 4877 in
1596 4808 1715 4876 dolore
1736 4807 1857 4877 luennt
1878 4812 1989 4880 sancti
2010 4809 2088 4877 hom

175 4890 261 4957 imus
285 4892 432 4959 contenti
443 4890 497 4958 bis
509 4893 784 4961 communissimis
795 4891 1029 4982 Etymologiis,
1050 4915 1131 4983 qua·
1181 4906 1321 4982 propter
1341 4895 1427 4963 baec
1449 4893 1624 4963 horribilia
1644 4894 1789 4963 scelera.

146 4994 221 5043 rum
245 4979 472 5067 consideratio
493 4998 558 5045 nos
580 4977 837 5056 commonefacit
859 4982 901 5047 de
920 4981 1130 5069 antiquitate3
1268 4981 1380 5068 Saepo
1405 5000 1436 5057 a]
1448 4984 1547 5050 nebia
1568 4982 1749 5071 cogitanda
1768 4991 1823 5049 est
1842 4979 2062 5062 illabistoria,
2075 5003 2164 5070 quae

145 5061 226 5129 item
248 5065 292 5129 de
313 5064 496 5147 modestia,
526 5078 561 5133 et
578 5067 742 5153 gravitate
762 5063 837 5141 illa,
856 5069 1001 5221 m
1023 5067 1129 5154 publi·
1182 5067 1328 5134 ostendit
1356 5079 1390 5135 et
1417 5088 1572 5156 magnam
1592 5070 1676 5135 ham
1698 5066 1765 5136 Dei
1785 5070 1952 5137 adversus
1972 5080 2170 5156 peceatum.

147 5147 199 5225 eis
220 5150 412 5227 redonibus.
430 5152 664 5231 adhibebatur.
708 5153 755 5229 lia
773 5153 839 5243 enit
1011 5155 1129 5220 orden
1181 5164 1216 5223 et
1231 5173 1361 5242 poenas
1383 5156 1548 5224 adversas
1559 5155 1689 5241 impios.
1710 5153 2079 5226 ludaeosetEthuioos
2096 5152 2163 5217 Dte
