4620 5588
107 218 189 289 eoo
807 214 1027 289 rosetum
1044 212 1444 282 uuuauruoumus.
1649 174 1654 185 ’
1800 296 1804 303 t
2070 174 2137 304 ete

121 390 419 491 EVANGEblUM
462 404 524 484 DE
568 347 827 471 VocddtONb
872 402 1102 471 Mhi'fflab't
1126 423 1132 469 t
1154 402 1249 486 drnpt
1272 405 1350 466 oder
1370 403 1559 487 Solottereq
1581 404 1729 485 inqeltnltt
1749 403 1864 475 boden,
1887 404 1956 465 urob
1978 407 2029 464 eiu
2052 405 2135 487 Gall,
2275 452 2278 459 .

493 507 724 576 APOSTOLL
1126 472 1216 640 {qno
1239 504 1330 556 certa
1351 496 1512 577 pecunia,
1536 511 1623 577 quae
1644 489 1729 556 alias
1752 512 1890 577 magna,
1918 489 2002 557 alias
2029 514 2135 579 parva

356 635 358 639 .
427 655 436 673 ·
806 653 815 672 ⁶
1062 653 1071 671 ·
1168 579 1233 643 uit:
1274 577 1343 639 Wie
1361 578 1415 639 dte
1433 576 1591 644 consules
1610 576 1828 643 Romani‘nn't
1849 578 1911 639 dau
1934 581 2135 661 aestimatio·

64 743 73 753 ⁵
122 657 270 745 Mutth.
305 665 345 740 9.
374 684 486 739 culus
515 683 667 739 nomen
697 665 936 766 asumptum
967 672 1030 737 est
1060 683 1103 736 ln
1154 665 1253 728 nibus
1266 663 1478 750 vectigalium
1498 663 1564 725 viel
1582 685 1617 726 zu
1634 665 1709 726 than
1730 663 1969 745 pomeranam:
1992 680 2025 731 et
2046 687 2148 732 nuno-

246 775 492 860 ⁰³¹e¹¹<tffi⁸
522 777 588 884 <1³2
621 774 689 860 2¹ss
719 773 980 888 Septembris.
1154 753 1698 916 suutueurtutt‘,
1726 751 2137 925 ιιιιιιῑιιιιῑιι

209 925 317 991 Hodie
338 935 391 989 est
412 925 483 989 dies
504 922 686 1002 Matthaei,
720 923 776 1011 qni
808 922 870 989 suit
891 917 1103 1009 publicanus,
1154 924 1240 1008 apud
1275 921 1497 1008 publicanos,
1529 924 1618 1009 quod
1650 924 1814 988 minuerat
1847 921 1912 989 illis
1944 927 2135 1010 pensiones.

124 1025 158 1080 et
179 1023 299 1100 posteo
319 1008 430 1076 fectus
452 1022 503 1076 cst
525 1012 607 1076 disci
631 1008 707 1076 ulus
730 1008 872 1089 Christi,
902 1022 936 1074 et
955 1009 1102 1095 Aposto·
1154 1010 1313 1076 Adiunxit
1336 1011 1398 1077 sibi
1420 1007 1513 1076 illurn
1535 1010 1699 1075 ordinem:
1723 1021 1756 1074 et
1783 1030 1825 1075 ee
1846 1012 1888 1077 de
1910 1031 1949 1076 re
1976 1012 2040 1076 sibi
2071 1011 2136 1096 ipsi

122 1097 191 1178 lus,
211 1098 355 1183 scriptor
375 1095 560 1183 Evangelii.
605 1033 748 1183 §cripuit
764 1094 981 1181 Evangelium
1004 1117 1103 1162 suunt
1154 1093 1351 1182 gratulatur.
1410 1095 1502 1163 Dicit
1534 1096 1598 1161 sibi
1631 1116 1698 1160 non
1733 1094 1918 1162 defuturam
1950 1098 2136 1190 pecuniam,

123 1185 297 1252 Hebraice
353 1182 485 1271 Reliqui
518 1182 650 1251 Graece
681 1185 749 1248 scri
773 1195 897 1252 serunt.
953 1181 1027 1247 Fuit
1060 1202 1103 1247 ex
1124 1161 1133 1261 Ι
1154 1203 1229 1247 cum
1250 1181 1375 1249 babeat
1395 1180 1486 1250 illum
1508 1183 1658 1247 ordinem
1684 1183 1748 1247 sibi
1771 1183 1972 1249 adiunctum.
2016 1184 2061 1245 So
2082 1185 2137 1247 hu·

123 1273 210 1337 tribu
230 1269 314 1336 Levi
335 1266 547 1336 sacerdotali.
591 1269 638 1332 Et
665 1272 710 1332 ot
810 1273 861 1330 ein
883 1267 1103 1330 lenonerlt'elter
1153 1268 1211 1330 beu
1232 1269 1299 1330 siclt
1320 1270 1374 1332 die
1394 1287 1525 1351 prosectu
1547 1268 1651 1332 Herm
1673 1269 1825 1350 destituere,
1844 1269 1921 1331 dots
1937 1272 1984 1331 sie
2006 1271 2060 1333 dte
2077 1292 2136 1357 pu·

123 1364 242 1420 nutent
262 1376 412 1439 qeweseo,
434 1358 477 1418 im
498 1356 599 1422 londt.
644 1355 713 1436 llli,
745 1359 799 1443 qui
829 1357 995 1423 debebant
1024 1375 1102 1421 esse
1154 1353 1307 1421 blioanos
1330 1378 1365 1419 zu
1381 1356 1537 1435 fretmdeo
1559 1355 1672 1435 qeltobt
1692 1346 1802 1420 halen.
2216 1352 2220 1364 '

121 1445 155 1510 in
176 1445 371 1524 ministerio,
388 1441 469 1510 iacti
487 1454 564 1510 suut
579 1445 671 1509 servi
697 1453 753 1509 aut
786 1444 919 1509 scribae
952 1439 1103 1528 publica·
1240 1442 1310 1506 Der
1329 1439 1527 1530 publicanus
1557 1439 1613 1503 hut
1646 1442 1755 1504 diesen
1776 1440 2007 1522 Matthaeum,
2039 1443 2137 1506 dorsu

114 1551 250 1596 uorum.
295 1528 470 1598 Publiceni
492 1541 588 1595 etant
608 1528 762 1596 homines
778 1530 883 1608 avari,
896 1530 1103 1595 exercebant
1154 1529 1320 1612 bewoqen,
1347 1530 1425 1592 dots
1457 1527 1577 1595 entim
1607 1529 1779 1611 pedrenchs
1805 1528 1862 1591 but
1894 1531 1938 1595 a'd
1967 1527 2135 1598 telonium.

122 1629 302 1702 quaestus:
325 1628 421 1682 erant
440 1617 598 1696 usurarii,
622 1615 680 1701 toy
697 1617 796 1679 &tren
818 1618 862 1678 ist
883 1615 944 1677 dus
965 1615 1031 1697 qelt
1051 1633 1103 1698 ρι-
1154 1614 1309 1683 Christus
1331 1615 1471 1682 effectus
1493 1615 1748 1697 misericordia,
1780 1625 1815 1680 et
1847 1616 2045 1705 indignitate
2073 1617 2134 1696 rei,

78 1763 80 1767 .
122 1722 244 1777 wesen,
277 1707 325 1764 sie
356 1703 455 1765 boden
487 1703 541 1764 dt'e
571 1701 670 1765 Lente
701 1703 908 1786 qetcdttoden.
970 1701 1030 1768 llis
1063 1722 1103 1768 ue
1154 1714 1273 1768 evocet
1294 1722 1335 1767 ex
1354 1700 1492 1783 telonio,
1516 1713 1550 1767 et
1571 1702 1668 1767 dicit:
1688 1700 1824 1787 Sequere
1845 1722 1908 1775 me,
1939 1714 1973 1768 et
1994 1700 2052 1767 ille
2075 1705 2135 1768 ob·

122 1789 340 1856 adiunxerant
362 1789 460 1856 etiam
481 1791 604 1872 iudaei,
625 1802 660 1856 et
681 1792 813 1877 quidem
839 1789 909 1855 nati
940 1808 981 1854 ex
1015 1790 1103 1855 tribu
1155 1801 1327 1873 temperat.
1370 1788 1443 1851 Dus
1476 1791 1520 1850 ist
1547 1787 1627 1851 auch
1656 1792 1707 1849 eiu
1733 1792 1824 1873 eipso
1853 1789 1946 1872 stirap:
1977 1786 2133 1855 Christus

121 1874 341 1946 Sacerdotalt.
1154 1880 1254 1941 uocat
1274 1896 1349 1942 enm
1372 1895 1436 1942 sua
1457 1895 1561 1953 voce,
1587 1884 1621 1940 et
1642 1888 1755 1943 movet
1775 1876 1905 1961 Spiritu
1922 1886 2040 1940 sancto
2064 1896 2137 1957 cor,
2166 1874 2173 1885 '

207 1966 242 2028 ln
263 1962 404 2029 historia
426 1963 611 2028 vocationis
633 1961 793 2028 Matthaei
815 1963 881 2029 due
914 1972 997 2028 sunt
1023 1962 1103 2027 insi·
1153 1973 1190 2027 ut
1211 1958 1268 2027 ille
1292 1964 1517 2049 obtemperet3
1543 1960 1699 2025 Dumaclt
1718 1961 1839 2025 mactet
1861 1962 1922 2024 ilem
1944 1959 2136 2028 Matthaeus

120 2067 205 2134 gaes
229 2059 263 2114 et
282 2049 453 2136 praecipui
474 2045 561 2114 lecit
582 2069 670 2116 unus
692 2061 745 2115 est
767 2050 809 2115 ds
831 2049 977 2136 gratuita
1003 2048 1101 2114 mise-
1153 2050 1205 2109 ein
1223 2049 1423 2128 convivium,
1445 2047 1608 2111 dosiades
1629 2069 1723 2123 mon,
1751 2049 1828 2112 dass
1861 2069 1895 2111 er
1927 2048 1993 2132 qelt
2020 2048 2136 2131 potatu

119 2135 269 2201 ricordia
290 2146 324 2201 et
351 2133 596 2202 iustificatione.
640 2134 703 2200 Est
736 2135 919 2202 communis
951 2131 1009 2200 illa
1041 2134 1101 2200 do·
1152 2135 1219 2208 tat,
1237 2135 1310 2201 sive
1333 2155 1377 2202 ex
1400 2154 1463 2201 sue
1475 2181 1487 2216 ,
1516 2136 1593 2202 'sive
1621 2155 1665 2202 ex
1698 2137 1821 2202 domini
1853 2137 2005 2221 pecunia.
2050 2135 2136 2201 Nam

109 2222 242 2300 ctrina,
260 2242 351 2308 quae
371 2242 476 2308 saepe
496 2222 726 2307 repetitaque
747 2222 873 2289 iustitia
904 2220 1004 2300 fidei,
1056 2241 1101 2287 ue
1152 2222 1227 2307 ipse
1249 2222 1348 2286 etiam
1375 2221 1492 2287 babuit
1523 2217 1650 2307 aliquid
1680 2219 1789 2295 lucri,
1821 2234 1858 2288 ut
1879 2221 2049 2290 Graecum
2083 2231 2136 2288 eat

120 2308 226 2393 gratis
248 2309 430 2392 accipimus
456 2308 685 2374 remissionem
711 2318 945 2394 pcccatorum,
974 2318 1008 2372 et
1028 2243 1100 2393 pla·
1176 2308 1378 2374 roverbium=
1400 2307 1468 2370 Sim
1488 2316 1647 2392 quuestm,
1670 2312 1704 2368 iu
1726 2309 2066 2380 camerescensem,
2088 2310 2134 2367 rti-

120 2413 236 2460 cemus
258 2390 341 2459 Filio
364 2392 439 2460 Dei.
482 2393 615 2456 Dorcea
636 2401 710 2476 sapt
730 2413 781 2459 ere
797 2393 871 2457 Neo
896 2396 966 2456 cetu
986 2413 1100 2456 vocare
1150 2329 1201 2461 Ml
1214 2399 1326 2474 casnm
1347 2395 1466 2474 itl'est,
1487 2413 1574 2455 wenc
1596 2392 1649 2460 icit
1670 2415 1729 2457 nur
1751 2399 1803 2457 etit
1825 2406 1986 2483 quaestor
2007 2396 2075 2468 bin,
2097 2416 2135 2457 so

1126 1508 1134 1521 β

119 2481 229 2543 iustos.
274 2477 371 2545 Alter
380 2476 479 2546 locus
500 2491 554 2546 est
569 2480 612 2545 de
628 2481 864 2547 diiudicetione
875 2480 1100 2560 traditionum,
1151 2481 1224 2543 tete
1244 2480 1332 2547 nicht
1352 2480 1445 2552 aren,
1466 2503 1533 2543 aar
1553 2481 1607 2547 icit
1628 2491 1716 2543 const
1738 2485 1800 2546 bin.
1845 2483 1911 2548 Sim
1932 2483 1967 2546 in
1984 2478 2041 2548 tali
2060 2476 2133 2547 offi·
2225 2538 2227 2545 .

119 2565 219 2632 etde
252 2584 318 2633 usu
345 2564 612 2633 libertatisr.1)u
633 2587 668 2630 cr
688 2575 778 2650 sapt:
808 2566 906 2629 Nemo
931 2569 1030 2630 nuttit
1055 2569 1099 2629 ei·
1151 2570 1217 2647 cio,
1238 2580 1276 2635 ut
1296 2567 1425 2654 possim
1445 2567 1574 2634 hebere
1590 2571 1777 2655 pecuniam,
1792 2565 2037 2655 qualiscunque
2058 2568 2133 2632 sim.

106 2667 191 2716 ‘sum
211 2672 320 2717 nomon
340 2655 375 2713 tn
394 2661 481 2717 atra
500 2661 627 2716 ueteres.
678 2654 736 2720 isti
768 2665 848 2719 suut
879 2653 946 2721 duo
978 2654 1100 2740 princi·
1150 2658 1187 2723 in
1212 2653 1440 2740 Aristophane
1470 2655 1569 2720 etiam
1597 2667 1672 2734 ast,
1698 2665 1806 2737 ταμίαι
1832 2659 1950 2736 lapdon
1994 2653 2134 2720 Lamiae

118 2737 215 2827 pales
236 2738 320 2809 loci:
341 2751 461 2826 postea
481 2736 574 2808 multi
595 2737 748 2807 allinunt
766 2741 893 2820 inserti,
915 2741 1003 2808 sicut
1018 2761 1099 2808 una·
1151 2752 1239 2815 sunt,
1261 2751 1410 2829 stryges,
1422 2740 1477 2804 die
1497 2761 1629 2823 praem
1648 2741 1750 2826 copel,
1766 2742 1820 2815 dte
1841 2742 1900 2804 dee
1920 2740 2033 2804 nuchtc
2053 2741 2133 2802 ruah

119 2823 287 2913 quaelibet
318 2822 419 2894 lectio
434 2825 651 2916 Evangelica
682 2826 787 2895 habet
818 2823 941 2895 multas
974 2847 1100 2895 memo·
1147 2831 1274 2911 flteqen,
1296 2828 1363 2890 med
1383 2829 1439 2890 dte
1459 2828 1572 2890 hader
1590 2827 2132 2912 mommorenciacensem,
2180 2891 2182 2896 ,

77 2988 79 2992 ,
117 2911 242 2980 rabiles
263 2915 431 2982 meterius.
474 2915 544 2981 Sed
564 2915 758 3003 priusquam
787 2914 828 2981 de
853 2915 908 2981 bis
936 2914 1101 2995 dicamus,
1151 2916 1196 2978 da
1217 2916 1323 2998 kompt
1343 2928 1438 2997 perne
1459 2917 1567 3002 pestis
1588 2916 1743 2982 dentosis.-
1771 2916 1858 2984 sicut
1883 2935 1950 3004 ego
1978 2917 2052 3001 ipse
2076 2913 2134 2984 hio

117 3000 295 3068 dicendum
316 3011 370 3068 est
390 3002 435 3069 de
454 3000 603 3068 historia
1151 3003 1263 3071 audivi
1284 3013 1362 3068 ants
1377 3011 1530 3089 ternpore
1549 3004 1679 3088 pestis,
1709 3014 1812 3070 noctu
1844 3003 1983 3069 edentes
2009 3013 2133 3068 tetrum

204 3081 306 3155 Videt
326 3087 491 3156 Dombtus
513 3090 684 3156 sedentem
702 3086 909 3165 Matthaeum
937 3087 981 3155 ad
1014 3084 1099 3153 telo·
1151 3090 1306 3158 sonitum.
1349 3087 1444 3170 Item,
1466 3089 1511 3151 du
1531 3088 1707 3196 Augustus
1730 3089 1895 3173 perturbent
1913 3092 1968 3160 tat,
1986 3087 2042 3150 bnt
2062 3108 2133 3150 murt

118 3174 219 3256 nium,
241 3176 297 3262 qul
317 3172 402 3242 alias
424 3176 534 3246 dictas
555 3191 610 3244 est
630 3175 730 3245 Levi:
750 3176 829 3263 quia
855 3173 917 3241 brit
936 3194 981 3241 ex
1002 3172 1100 3241 Levi·
1151 3179 1239 3239 doen
1264 3174 1335 3239 Udo
1355 3179 1452 3240 eitsen
1473 3176 1565 3240 seben
1591 3179 1753 3263 tuipsius
1776 3174 1873 3244 sella.
1928 3173 2134 3262 Significavit

117 3264 185 3330 tice
207 3263 305 3328 tribu.
349 3261 442 3330 llaec
458 3261 521 3333 luit
541 3265 695 3332 ordinate
715 3266 760 3331 ed
781 3263 996 3330 ministerium
1018 3272 1100 3327 tem·
1150 3261 1319 3331 'liberium
1340 3274 1531 3331 secuturum
1553 3283 1642 3332 esse.
1685 3264 1912 3348 Fuit‘plctura
1932 3261 2056 3327 'liberii
2077 3261 2134 3324 dee

89 3349 178 3438 pli,
198 3361 235 3415 ut
256 3343 299 3415 eli
325 3351 358 3416 ui
378 3363 494 3418 essent
516 3350 732 3431 Sacerdotes,
753 3347 858 3436 aliqui
884 3346 1018 3418 illorum
1040 3348 1099 3414 mi·
1149 3352 1282 3431 mtllots,
1310 3360 1343 3415 et
1370 3346 1442 3416 sere
1464 3351 1608 3418 omnium
1641 3351 1849 3438 sequentium
1880 3349 2133 3434 Imperatorum,

97 3437 227 3503 histri.
315 3450 428 3503 autum
458 3440 656 3505 sacerdotes
689 3436 942 3503 sacrificabant:
975 3434 1100 3502 caeteri
1149 3448 1284 3524 praeter
1315 3436 1494 3504 admodum
1527 3456 1666 3522 paucos.
1722 3437 1777 3499 Sic
1799 3436 1885 3499 'eiad
1916 3433 2003 3498 nieht
2036 3435 2133 3497 aiteio

119 3521 269 3601 sauna,
288 3525 545 3610 praeparabunt,
567 3526 768 3604 mactabant,
788 3519 966 3591 lavabant:
987 3533 1099 3588 nmen
1150 3533 1350 3610 quaestores
1372 3522 1439 3585 uod
1458 3523 1589 3602 maner
1609 3543 1764 3606 qeweeeo,
1791 3523 1854 3588 sed
1875 3533 2028 3608 portenta
2051 3519 2135 3586 Dias
2197 3528 2212 3555 ·

120 3630 237 3677 omues
259 3623 354 3676 eram
368 3613 540 3691 doctores,
563 3622 597 3677 et
616 3608 785 3677 habehant
805 3610 872 3676 duo
939 3628 1019 3674 nera
1041 3609 1098 3674 de·
1149 3607 1276 3687 bolico,
1297 3609 1345 3671 tte
1366 3610 1435 3690 suff
1450 3609 1511 3674 dett
1532 3607 1664 3692 Titum,
1686 3610 1754 3681 ,der
1785 3612 1828 3672 ist
1861 3607 1942 3671 noclt
1969 3610 2020 3670 ein
2040 3614 2133 3669 muas

120 3697 319 3763 cumarum:
349 3693 589 3785 Theologicum
615 3708 650 3765 et
676 3695 854 3763 Medicum.
937 3695 1100 3762 ebuerunt
1148 3715 1297 3779 qewesett.

120 3802 199 3850 esse
232 3784 392 3850 custodes
424 3783 598 3851 doctrinae
624 3782 858 3871 propheticae:
890 3783 979 3848 sicut
1009 3800 1100 3848 nunc
1234 3781 1309 3846 Non
1330 3781 1460 3857 helcin,
1482 3788 1588 3866 raptat
1609 3787 1734 3866 lapsam
1755 3789 1809 3847 est
1830 3777 1953 3867 allusio
1974 3790 2131 3845 venustet

118 3880 275 3956 pastores
296 3881 331 3936 st
351 3871 520 3938 doctores.
564 3871 637 3939 Nec
654 3881 796 3937 'tantum
828 3870 862 3935 in
893 3865 1018 3955 templo
1041 3867 1100 3933 do-
1149 3868 1329 3957 signifieat,
1341 3870 1433 3957 quod
1444 3882 1644 3960 quaestores
1656 3883 1825 3956 exsugunt
1844 3863 2021 3953 populumt
2043 3867 2152 3932 sicut¹

119 3958 368 4109 tttm‘nttl
390 3957 553 4111 illibi
574 3957 898 4131 tumidi?
933 3955 1008 4109 Ml
1028 3955 1100 4108 iil
1147 3969 1389 4106 stetu?
1450 3949 2131 4121 tt⁰ttt⁸t0lt¹ttltttttltlltdff
2180 3971 2204 4059 Γ

543 4089 553 4123 2
893 4088 906 4123 2
1084 4114 1089 4122 .
2119 4079 2128 4098 ⁰

119 4128 204 4194 dice.
248 4128 341 4195 Sicut
362 4131 457 4195 scitis
479 4149 583 4215 penes
605 4151 665 4197 eos
688 4128 795 4197 fuisse
811 4129 967 4197 iudicium
988 4129 1032 4195 de
1052 4125 1099 4194 le·
1148 4128 1331 4194 eteoclem
1352 4129 1621 4212 boechtteiqertt
1647 4131 1734 4194 siem
1761 4129 1883 4194 videtis
1909 4123 2020 4193 adbuc
2048 4124 2130 4191 fieri.
2265 4173 2268 4180 .

118 4215 243 4299 prosiS,
262 4215 329 4278 und
349 4215 410 4278 dus
430 4215 505 4278 stne
526 4216 579 4278 dle
607 4214 756 4283 tormen
784 4217 976 4296 doctrinae,
1002 4215 1099 4278 dorin
1154 4215 1231 4280 was
1247 4219 1305 4297 titt·
1326 4219 1377 4278 ein
1397 4224 1567 4299 qentortert
1588 4215 1667 4299 dinq
1688 4235 1722 4275 er
1741 4235 1798 4300 seq
1825 4214 1894 4278 omo
1917 4216 2006 4275 doen
2028 4229 2132 4276 artetes

118 4300 173 4362 dt‘e
190 4302 380 4380 fitrnembste
405 4314 571 4390 sapientia
600 4311 666 4367 nt:
698 4304 852 4370 doctrina
884 4301 1099 4388 Prophetica,
1148 4323 1251 4375 monn,
1273 4304 1332 4367 der
1353 4303 1398 4366 du
1414 4306 1504 4367 sitiet
1524 4310 1616 4365 anter
1636 4305 1735 4366 daem
1760 4299 1994 4388 Tyrmutisehen
2008 4318 2130 4383 pauset

118 4385 154 4453 id
175 4398 239 4467 est,
261 4390 411 4457 doctrina
427 4391 471 4455 de
491 4388 584 4456 Deot
613 4401 647 4456 et
668 4389 821 4457 doctrine
842 4387 1009 4477 Physica,
1036 4407 1100 4455 seu
1144 4391 1275 4470 frum,
1292 4393 1352 4452 tota
1372 4410 1444 4452 mun
1465 4393 1513 4452 sta
1534 4396 1654 4453 nmoct.

119 4475 521 4555 considerationum,
546 4478 581 4542 in
610 4496 678 4565 que
703 4487 783 4543 sunt
809 4474 915 4543 multa
936 4471 1100 4543 ruirebilia
1130 4480 1138 4489 '
1178 4509 1180 4513 >
1235 4473 1456 4544 Considerate
1489 4473 1548 4544 illa
1580 4475 1764 4556 historica,
1798 4486 1832 4540 et
1863 4473 2009 4560 cogitate
2042 4491 2132 4542 nune

118 4557 184 4627 Dei
206 4578 320 4646 opere.
886 4572 891 4583 ’
1149 4582 1284 4650 quoque
1304 4560 1362 4629 iila
1382 4559 1465 4630 tlerl.
1508 4560 1616 4630 Multa
1637 4565 1727 4629 bona
1758 4560 1892 4655 ingenia
1925 4554 2131 4625 uettsieruu·

118 4741 185 4797 om
207 4645 597 4801 lttl‘h‘bbltd
616 4645 1018 4801 ”l‘Mtsllllvll‘t'f‘
1038 4642 1101 4799 lit
1148 4650 1269 4802 {buil
1287 4670 1333 4801 li
1359 4644 2133 4802 tlt⁸⁰l¹l⁸zttstt⁰eittt¹t¹¹⁰¹¹ttlttt

116 4753 232 4897 hompo,
253 4755 375 4966 ‘ff’
395 4817 457 4887 luit
477 4782 609 4907 eliquid’
624 4820 747 4910 ingenii
768 4827 870 4904 (tend
901 4839 981 4884 uere
1008 4839 1043 4882 cr
1064 4841 1100 4883 zu
1148 4819 1304 4890 Ecclesia
1326 4823 1372 4888 ita
1393 4782 1503 4908 perlit,
1527 4758 1617 4911 qtlod
1638 4822 1821 4889 ministerio
1840 4817 2017 4884 Ecclesiae
2040 4814 2132 4922 iacta

117 4903 188 4966 dent
209 4903 270 4967 buu
344 4904 432 4967 nieht
451 4904 950 4992 ,cummssdcttntelontoz
968 4902 1098 4973 fuitml·
1149 4921 1228 4974 sunt
1250 4919 1461 4997 quaesturae.
1506 4907 1665 4996 Episcopi
1685 4912 1782 4972 sitm
1798 4910 1833 4968 t‘n
1851 4902 2132 4988 &sputorum

116 4992 224 5069 nister
245 4990 388 5058 hominis
409 4992 576 5078 publicani
596 4996 631 5062 iu
657 4992 727 5060 illle
755 4993 951 5082 quaestibus
982 5012 1099 5060 usura·
1147 4994 1252 5069 tem,
1273 5007 1442 5083 exsugunt
1463 5016 1557 5077 suos,
1579 5016 1648 5063 nou
1671 4996 1794 5063 docent
1813 4994 1847 5058 in
1868 4989 2039 5072 Ecclesie,
2062 5009 2132 5058 nou
2242 4990 2244 4997 ’

116 5077 199 5158 riis,
234 5090 270 5146 et
298 5075 569 5165 expilationibus,
586 5081 653 5146 die
672 5100 783 5166 prosu
843 5078 982 5144 tumet
1000 5079 1099 5165 peden
1148 5092 1271 5149 nomnt
1294 5081 1491 5163 doctrinam,
1512 5083 1579 5150 buo
1608 5082 1772 5149 oderunt:
1799 5080 1855 5143 die
1881 5079 2002 5142 andern
2029 5076 2133 5146 secri-

116 5163 205 5243 trtcht
237 5163 317 5231 clas
347 5164 457 5230 &ude
490 5166 539 5234 od.
587 5165 764 5239 PublleeM
793 5101 930 5237 Moerum
960 5167 1016 5239 tlt's
1040 5170 1106 5233 veto·

1147 5165 1240 5238 fieuli
1260 5169 1360 5238 etiem
1380 5188 1449 5237 uon
1472 5179 1592 5238 emant
1613 5169 1814 5250 murinam,
1825 5178 1906 5238 sunt
1921 5177 2131 5265 quaestores.
2271 5274 2278 5279 ί
