4620 5588
38 721 41 726 ,
172 662 332 735 perpetuo
355 660 486 734 oportet
503 649 652 726 retineri,
663 661 715 713 est
736 668 819 713 vera
841 647 994 714 doctrina
1016 648 1059 712 dc

165 200 234 273 sta
803 199 920 267 rum.
942 199 1048 267 um.
1069 199 1259 269 somma
1279 198 1546 269 amaruan.
1993 150 1996 155 ’
2119 197 2190 268 sat

169 376 224 457 lta
241 389 397 477 paulatim
419 393 577 455 tenebrae
600 386 762 474 depulsae
784 401 876 464 sunt,
899 400 933 454 ει
956 386 1080 474 aliquid
1103 386 1150 455 lu·
1203 398 1416 476 oppugnatur
1437 389 1572 454 veritas.
1628 388 1807 454 Pontifices
1841 397 2036 474 oppugnant
2062 389 2186 456 varita-

171 480 221 544 cis
242 489 395 543 exortum
418 489 480 555 est,
500 478 534 541 in
557 473 631 541 aliis
652 472 728 559 plus
751 474 848 555 lucis,
870 478 902 539 in
933 473 1007 541 aliis
1030 477 1150 541 miuus.
1203 486 1269 541 tem
1303 477 1336 540 in
1368 473 1649 540 manifestissimis
1677 477 1803 553 rebus,
1831 485 1965 543 tuentur
1997 485 2030 539 et
2062 472 2187 539 confir·

256 565 530 641 Fundamentum,
552 563 682 647 dequo
705 559 831 627 Paulus
860 562 960 641 elicit,
995 572 1029 626 et
1084 561 1151 626 uod
1203 573 1293 626 mant
1310 560 1414 640 idola,
1435 561 1678 627 invocationem
1701 571 1924 640 mortrmrum,
1954 560 2088 643 impiam
2108 560 2188 626 mis·

1060 583 1151 734 lege
1203 667 1290 713 sam:
1314 649 1392 728 imo,
1414 648 1504 733 qaod
1534 649 1631 712 etiam
1654 645 1862 713 manifestum
1894 658 1970 726 est,
2002 642 2188 713 defendunt

171 747 205 801 et
238 739 281 800 de
309 733 457 801 articulis
486 735 574 800 fidei.
619 735 673 799 Ad
705 733 865 799 articulos
898 734 976 799 fidei
1008 736 1151 817 pertinet
1203 735 1364 817 impurum
1388 732 1600 805 coelibatum,
1669 731 1785 800 llutum
1802 731 1916 799 multis
1945 734 2041 798 tetris
2071 745 2105 798 et
2129 733 2188 798 tri·

171 823 324 888 doctrina
347 823 388 886 de
413 823 613 887 remissione
646 831 885 906 peccatorum,
918 822 960 885 de
988 819 1076 899 lide,
1110 821 1152 886 de
1204 821 1358 885 stissimis
1376 817 1578 885 libidinibus.
1653 831 1748 886 ostea
1779 832 1859 885 suut
1889 820 1989 884 etiam
2020 821 2053 884 in
2070 815 2188 885 Eccle-

171 910 341 995 agnitionc
365 905 423 973 filii
444 905 528 986 Dei,
556 921 676 991 postea
709 927 812 990 super
843 904 925 972 illud
958 902 1152 972 fundamen·
1202 908 1253 971 sia
1275 905 1398 972 multae
1419 906 1642 986 infirmitates,
1664 903 1818 990 stipulae,
1841 925 1984 973 errores.
2030 902 2113 972 lllae
2138 907 2187 969 in·

170 1006 238 1060 tum
262 995 449 1059 admiscent
470 992 527 1059 alii
549 991 673 1081 aliquid
697 990 908 1078 stipularum:
930 994 1017 1057 sicut
1039 993 1152 1079 Augu·
1203 992 1376 1059 firmitates
1407 993 1441 1057 ln
1474 993 1603 1057 sanctis
1637 994 1878 1061 condonantur.
1923 988 2079 1076 Aptostoli
2111 993 2188 1058 retl-

171 1083 278 1145 stinus
301 1080 404 1145 habet
426 1079 579 1166 proiecto
604 1081 687 1145 satis
710 1077 919 1164 stipularum,
936 1079 1151 1162 hatvr’elquu-
1202 1093 1345 1145 nuerunt
1368 1091 1447 1165 post
1458 1076 1583 1144 Christi
1605 1080 1894 1159 resurrectionem,
1916 1076 2000 1144 illud
2021 1079 2189 1144 somnium

171 1166 357 1231 chelwerclrr
378 1169 434 1228 mit
456 1168 526 1228 dem
557 1165 769 1232 Monachatu.
824 1166 1041 1231 Bernhardus
1074 1163 1151 1251 plus
1204 1167 1246 1230 de
1269 1186 1375 1252 regno
1398 1166 1584 1244 mundano,
1601 1166 1699 1230 etiam
1723 1176 1802 1251 post
1832 1177 2006 1250 acceptum
2030 1167 2188 1249 Spiritum

170 1252 271 1317 habet
303 1250 498 1338 stipularum
533 1265 566 1318 et
599 1274 760 1319 errorum.
815 1252 935 1318 Cultus
957 1263 1150 1318 sanctorum
1202 1263 1379 1332 sanctum,
1413 1253 1521 1318 donec
1554 1272 1649 1317 error
1670 1252 1803 1337 penitus
1832 1247 1985 1317 sublatus
2008 1263 2070 1316 est.
2112 1251 2187 1316 Nos

170 1343 212 1403 ist
234 1340 293 1423 bey
313 1339 374 1400 ibor
396 1342 481 1405 satis
503 1359 558 1404 ma
583 1360 656 1405 nus.
705 1339 880 1424 Vagantur
901 1359 1034 1405 errores
1052 1339 1151 1403 mise·
1226 1358 1336 1424 uoque
1359 1339 1518 1403 debemus
1541 1337 1716 1424 proficere,
1738 1339 1897 1403 debemus
1920 1339 2087 1423 inquirere
2113 1336 2188 1404 lun·

169 1424 319 1491 rabiliter
365 1445 530 1510 ergerius
559 1360 741 1491 hantunam
753 1471 764 1505 ,
796 1437 829 1490 et
862 1436 974 1491 tanuen
1006 1426 1150 1490 sciamus
1202 1359 1356 1489 :larnenta
1379 1426 1562 1489 doctrinae.
1606 1425 1762 1506 infirmam
1784 1426 1818 1484 in
1835 1425 1920 1506 fida,
1955 1426 2117 1499 assumite,
2140 1426 2188 1490 in·

170 1532 249 1577 esse
270 1448 468 1591 Ecclesiam,
487 1513 544 1578 ubi
566 1513 724 1577 retinetur
743 1509 1004 1591 fundamentum,
1020 1514 1077 1577 ubi
1098 1522 1151 1577 est
1203 1512 1271 1598 quit
1295 1510 1432 1577 Paulus.
1477 1511 1640 1592 htfirmum,
1663 1508 1793 1576 scilicet
1838 1513 1872 1577 ui
1894 1513 1937 1574 sit
1959 1508 2090 1590 docilis,
2118 1510 2188 1588 dis-

171 1599 323 1664 doctrina
345 1598 431 1685 legis
453 1610 487 1663 et
508 1597 683 1684 Evangelii
704 1618 789 1683 pura
810 1609 845 1663 et
865 1598 1082 1683 incorrupta,
1117 1608 1151 1662 et
1203 1608 1268 1677 cat,
1289 1599 1443 1682 proficiat
1465 1600 1498 1662 iu
1521 1598 1690 1683 agnitione
1719 1532 1847 1663 unuh

171 1685 324 1751 doctrina
346 1687 388 1749 o‘e
409 1683 560 1750 articulis
579 1685 666 1763 fidei,
687 1696 720 1748 et
752 1705 836 1750 usus
859 1685 1151 1751 Sacramentomm
1202 1684 1257 1745 die
1280 1686 1432 1749 doctrina
1454 1681 1552 1749 huius
1575 1681 1762 1789 Evangelii.
1806 1683 1977 1750 Fortassis
1999 1681 2100 1750 lectio
2127 1683 2189 1749 hu·

170 1792 274 1857 purus
297 1782 331 1836 et
348 1773 575 1856 incorruptus,
588 1783 619 1835 et
640 1783 772 1836 tenetur
794 1769 852 1835 illa
875 1769 944 1848 lux,
962 1771 1051 1855 quod
1074 1788 1150 1855 pro·
1201 1771 1254 1835 ius
1276 1767 1452 1875 Evangelii
1475 1782 1526 1834 est
1550 1770 1628 1836 huic
1650 1771 1715 1835 drei
1736 1771 2001 1850 accommodata,
2024 1770 2102 1858 quia
2135 1780 2190 1836 est

158 1868 244 1941 ‚pter
265 1855 367 1922 lilium
387 1854 451 1922 Dei
474 1858 657 1922 habeamus
681 1858 910 1922 remissionem
932 1868 1150 1942 peccatorum
1202 1868 1334 1944 tempus
1356 1861 1500 1923 vicinum
1521 1857 1663 1940 tempori
1684 1855 1940 1923 Encaenlorum.

170 1944 344 2030 gratuitam
357 1954 436 2095 ἰιΙει
467 1944 681 2009 exaudiamur
714 1955 851 2027 propter
884 1962 975 2009 eum:
1008 1943 1149 2009 vitemus

169 2030 268 2095 etiam
289 2031 356 2114 stip
392 2051 443 2107 es,
466 2030 608 2095 vitemus
635 2048 792 2109 errores,
825 2030 882 2115 qui
913 2031 1151 2116 insperguntur
1601 2050 1615 2089 ,·
1768 2047 1779 2080 ¹
1910 2049 1919 2069 ·
1951 2047 1973 2113 9

166 2136 369 2203 quocunque
390 2127 549 2201 tempore·
1427 2045 1521 2143 Was
1549 2046 1711 2142 heusen
1741 2046 1960 2143 bmaema.

256 2202 315 2268 Sic
336 2201 553 2288 agnoscenda
587 2214 641 2266 cst
662 2199 816 2267 Ecclesia
850 2223 892 2266 ex
920 2220 1005 2267 voce
1027 2202 1150 2266 doctri·
1288 2199 1587 2283 Kirchcrteua'lamp:
1608 2198 1669 2266 luit
1681 2202 1839 2267 memoria
1850 2197 1966 2287 templi
1983 2202 2188 2267 consecrati.

168 2308 242 2354 nae.
286 2288 382 2355 Sicut
403 2290 538 2354 ‹liciturt
558 2287 638 2351 Ocea
658 2307 743 2350 meae
764 2308 867 2350 vocem
889 2308 984 2349 rheam
1006 2288 1150 2352 audieret.
1202 2288 1248 2351 Es
1269 2288 1366 2350 hatrat
1388 2295 1476 2349 ronst
1498 2287 1578 2349 cuch
1600 2286 1790 2368 Dedicatio,
1807 2289 1896 2374 quod
1918 2285 1977 2352 illu
1999 2287 2119 2352 domus
2142 2288 2191 2354 sit

168 2374 218 2440 lbi
240 2374 347 2441 habes
369 2375 597 2460 probationem
620 2376 843 2459 perspicuam.
888 2373 982 2440 ltem:
1014 2374 1053 2436 st
1080 2377 1151 2458 quur
1201 2377 1361 2441 attributa
1382 2375 1575 2439 ministerio·
1621 2373 1659 2438 ln
1682 2374 1811 2461 Papatu
1832 2374 1907 2435 tired
1929 2373 2190 2460 superstitiones

169 2461 280 2543 dilipr't
301 2483 356 2533 me,
378 2479 544 2522 canaonem
566 2480 660 2522 crema
682 2462 825 2522 tacebit.
847 2492 849 2496 >
871 2460 1069 2527 lstaeemnt
1090 2481 1150 2526 no·
1201 2462 1339 2527 duratas
1359 2460 1546 2544 pchcnoncn,
1568 2474 1727 2547 acceptae
1744 2462 1863 2547 partim
1885 2462 1927 2525 ab
1950 2457 2094 2538 ludaeis,
2110 2480 2190 2546 par·

168 2559 224 2612 tae
246 2545 432 2614 Ecclesiae.
478 2547 556 2608 Alco
590 2555 663 2629 sapt
697 2547 840 2611 Christus
872 2547 923 2607 bie
957 2546 1054 2610 auch:
1088 2545 1151 2608 Ubi
1200 2549 1257 2613 tim
1279 2549 1322 2613 ab
1344 2546 1505 2612 Ethnicis.
1550 2544 1674 2611 Tamen
1707 2549 1887 2632 antiquitas
1921 2543 2028 2611 voluit
2060 2546 2190 2612 uiscer-

169 2633 315 2706 cadccer,
338 2635 384 2695 ibi
406 2642 636 2716 conprcqaatar
659 2634 804 2716 aquilae,
837 2634 869 2698 id
903 2646 977 2710 est,
1012 2644 1151 2718 quaerat
1200 2655 1281 2700 nere
1314 2647 1379 2699 tem
1405 2631 1440 2698 la
1472 2655 1492 2698 a
1526 2634 1680 2699 domibus
1706 2633 1868 2720 proi'aois
1930 2631 2030 2698 ludas
2051 2631 2190 2700 Macca-

167 2717 324 2785 Ecclesia
346 2718 447 2785 lilium
471 2719 534 2785 llei
556 2722 774 2799 incarnatum,
797 2718 1012 2799 crucifixum,
1044 2733 1077 2785 ει
1099 2739 1150 2784 re·
1200 2723 1305 2787 bueus
1340 2656 1522 2785 cellrbravit
1554 2718 1723 2785 Encaenia
1743 2720 1796 2784 25.
1828 2721 1882 2784 die
1904 2720 2029 2785 mensis
2050 2717 2189 2785 Kisleut

169 2809 380 2887 suscitatum,
403 2827 477 2872 eum
501 2820 678 2894 agnoscat,
689 2809 733 2872 ita
757 2808 956 2874 servabitur.
1001 2807 1077 2870 Non
1099 2816 1152 2871 est
1202 2808 1279 2895 qula
1302 2827 1343 2872 eo
1367 2808 1419 2871 die
1442 2818 1675 2890 recuperatum
1697 2819 1750 2871 est
1768 2802 2189 2891 templumalllaccabaeo,

170 2891 309 2979 alligata
331 2890 639 2978 Constantinopoli,
662 2892 812 2972 Romae,
845 2893 1017 2971 Venetiis,
1046 2891 1151 2957 Wite·
1201 2906 1234 2960 et
1252 2903 1479 2978 repurgatum,
1503 2913 1578 2959 cum
1600 2893 1743 2958 triennio
1765 2890 1885 2958 fuisset
1912 2891 1946 2956 in
1967 2889 2091 2978 templo
2113 2892 2189 2957 ido·

169 2979 307 3063 bergae,
329 2976 385 3043 vel
406 2977 564 3064 Lipsiae,
598 2975 653 3044 vel
688 2980 874 3064 cuicunque
908 2980 1034 3044 civitati
1044 3025 1056 3055 ,
1089 2979 1150 3042 scd
1199 2979 1279 3046 lum.
1324 2978 1510 3059 Derrelbe'qe
1531 2997 1643 3060 pactae
1660 2979 1793 3040 Iammer
1821 2983 1864 3040 ist
1892 2977 1973 3040 auch
1994 2979 2104 3065 imago
2128 2997 2187 3064 pc·

169 3065 358 3147 ubicunque
380 3077 478 3129 sonat
501 3086 566 3128 vox
589 3066 761 3130 doctrinae
783 3067 997 3148 incorrupta,
1029 3064 1076 3128 ibi
1098 3074 1151 3128 est
1201 3067 1314 3130 strcmi
1349 3066 1508 3147 teruporis
1541 3065 1664 3129 mundi.
1731 3064 1920 3132 Antiochus
1955 3062 2188 3131 collocaverat

169 3147 323 3214 Ecclesia
341 3150 419 3228 Dei,
441 3161 474 3214 et
494 3152 528 3213 iu
545 3147 605 3214 illc
628 3160 725 3215 coetu
744 3162 822 3215 sunt
844 3148 944 3236 aliqui
979 3146 1095 3228 electi,
1117 3160 1152 3214 et
1200 3162 1342 3217 statuam
1365 3151 1453 3215 lovis
1476 3148 1621 3299 Olympii
1644 3154 1676 3215 in
1698 3150 1834 3237 templo,
1856 3163 1889 3217 et
1910 3147 2047 3217 volebat
2069 3147 2187 3215 delere

170 3236 331 3300 debemus
353 3256 416 3301 nos
437 3237 658 3314 invocatione,
682 3233 907 3317 confessione,
924 3237 1012 3302 votis
1035 3237 1150 3301 adiun·
1201 3249 1305 3304 totam
1326 3234 1532 3325 religionem.
1593 3237 1624 3301 bi
1648 3238 1804 3304 excitavit
1815 3235 1909 3304 Deus
1931 3239 2055 3302 bonum
2078 3235 2188 3302 homl-

168 3341 251 3409 gere
273 3319 321 3387 illi
343 3321 530 3401 Ecclesiae,
551 3323 742 3408 ubicunque
765 3324 808 3388 sit
835 3325 869 3388 in
891 3335 963 3390 toto
987 3323 1069 3390 orbe
1086 3334 1149 3388 ter·
1200 3344 1289 3402 nem,
1311 3324 1372 3386 den
1390 3323 1648 3404 frommcalllaan
1661 3323 1924 3403 Mattathiam,et
1938 3335 2057 3408 postea
2079 3320 2188 3390 filium

168 3430 289 3474 rarum.
1201 3411 1297 3491 eius,
1329 3411 1444 3476 ludam
1477 3408 1727 3476 Maccabaeum.
1771 3411 1901 3476 Nomen
1934 3421 1986 3475 est
2017 3408 2186 3476 a’litcris.

256 3494 317 3559 Est
338 3495 507 3560 horrenda
524 3514 604 3574 vox,
626 3496 716 3580 quod
738 3494 793 3560 hic
815 3495 949 3562 dicitur:
974 3497 1150 3562 Abomina·
1201 3497 1266 3560 Die
1286 3496 1394 3559 buter
1416 3500 1458 3558 im
1481 3496 1620 3575 fabulata
1653 3498 1782 3579 pefirrt,
1815 3501 1873 3560 acie
1902 3493 2186 3581 asyam-1).

169 3582 216 3646 tto
238 3583 339 3647 stabit
359 3583 392 3646 in
411 3579 488 3645 loco
511 3590 641 3646 sancto.
685 3582 756 3643 Dae
784 3582 992 3647 sebastiane
1014 3580 1151 3662 idolum,
1200 3583 1248 3651 Μ.
1271 3583 1296 3648 Ι.
1319 3584 1391 3650 AB.
1415 3583 1483 3645 also
1504 3583 1603 3645 huben
1624 3588 1671 3644 sie
1686 3582 1866 3666 qehabtdt'c
1882 3581 2006 3648 literas.
2048 3577 2186 3648 Muccu-

169 3667 203 3731 itl
227 3680 290 3747 est,
312 3668 401 3753 impii
423 3664 546 3745 cultus,
568 3677 653 3732 tetra
675 3665 782 3748 idola,
806 3680 839 3734 ει
862 3666 1059 3735 defensores
1080 3670 1151 3733 ido·
1202 3671 1277 3737 bael
1299 3671 1372 3732 aiud
1392 3688 1530 3752 percaeca
1553 3681 1630 3735 ante
1652 3670 1852 3734 nativitatem
1876 3667 2018 3749 Christi,
2039 3670 2185 3751 stupefec-

169 3751 291 3833 lorum,
312 3753 439 3841 Reges,
462 3751 658 3839 Principes,
682 3752 889 3835 Pontifices,
916 3756 996 3828 aad,
1015 3759 1073 3820 acie
1105 3757 1152 3816 rie
1201 3756 1264 3820 licb
1297 3757 1355 3841 bey
1387 3756 1574 3819 aoderthalb
1606 3756 1741 3822 barderi
1773 3753 1890 3818 thurea
1946 3756 2014 3821 Ista
2041 3754 2186 3821 historia

168 3840 310 3912 barsen,
345 3851 588 3990 oppresserunt
615 3838 813 3907 Ecclesiam.
878 3841 953 3907 Non
987 3855 1041 3908 est
1073 3839 1151 3907 talis
1202 3842 1479 3911 commonefaciat.
1499 3863 1564 3907 nos
1587 3843 1629 3908 de
1658 3842 1800 3907 miseriis
1832 3855 2033 3927 temporum:
2061 3840 2107 3903 ua
2140 3844 2186 3903 ιιι

169 3928 304 4011 species
325 3925 396 3993 Ecc
410 3929 514 4004 esiae,
537 3923 669 4076 qualem
692 3925 780 3994 oculi
805 3929 987 4013 requirunt.
1031 3927 1152 3993 Liben·
1202 3929 1282 3993 cuch
1303 3928 1458 3996 Ecclesia
1477 3929 1569 3993 clatri
1588 3929 1772 4011 pertundere,
1795 3929 1891 4014 quasi
1913 3939 2007 3995 essct
2034 3924 2186 3995 iamditus
2269 3998 2274 4005 ,

1850 1597 1892 1661 ei.
1946 1595 2020 1658 Naar
2051 1597 2112 1659 dae
2144 1600 2189 1660 tet
2305 1648 2309 1655 .

169 4024 221 4079 ter
254 4015 443 4079 videremus
476 4011 547 4077 Ecc
561 4014 664 4078 esiam
702 4011 842 4099 pulchra
874 4015 1085 4081 constitutam
1116 4013 1151 4078 in
1202 4015 1334 4096 deleta,
1364 4030 1398 4082 et
1430 4026 1541 4081 tamen
1575 4027 1629 4079 cst
1661 4025 1804 4080 servata.
1862 4015 1910 4079 lta
1938 4032 2027 4080 nunc
2049 4030 2187 4101 quoque
2297 4060 2303 4072 ι

168 4111 263 4168 certo
285 4097 398 4186 aliquo
421 4100 510 4165 loco.
554 4096 651 4166 Multi
684 4103 783 4166 etlam
811 4101 912 4166 armis
937 4097 1053 4165 volunt
1075 4120 1152 4164 con·
1201 4103 1296 4169 Deus
1319 4102 1469 4169 servabit
1490 4099 1695 4178 Ecclesiam,
1728 4102 1789 4165 scd
1822 4103 1868 4167 lta
1902 4100 2114 4179 servabitur,
2147 4104 2188 4166 ut

169 4187 326 4332 sgituerm
343 4187 404 4292 sed
425 4206 504 4290 non·
517 4186 579 4252 erit
601 4184 686 4252 hoc:
731 4184 778 4247 Er
799 4189 875 4251 tcirt
899 4188 1004 4292 eicite
1025 4186 1151 4251 demas.
1201 4186 1295 4255 multi
1323 4187 1505 4296 tpllantur,
1540 4199 1573 4254 ει
1604 4185 1840 4293 miserabiliter
1870 4197 2019 4291 pereant.
2070 4185 2187 4254 Simas

170 4273 558 4445 ,tuiti‘tssttttt
574 4274 659 4423 diri
673 4269 1152 4427 dlltdtltttiltl:
1200 4273 1804 4441 lillrlltti“stafftrmttt
1826 4271 1980 4447 litii?
1995 4271 2232 4445 {litte

169 4438 259 4533 gelii.
304 4444 340 4509 Si
362 4444 419 4530 qui
441 4445 562 4511 docent
584 4458 703 4511 contra
724 4435 962 4535 Evangelium,
988 4443 1151 4513 habemus
1201 4446 1369 4516 Dominus
1391 4448 1486 4514 dicit:
1510 4447 1620 4528 Orate,
1642 4455 1678 4511 at
1690 4448 1828 4528 possitis
1850 4448 1984 4529 effecere
1997 4447 2064 4509 r'rta
2083 4443 2187 4507 malas

169 4526 338 4618 regulamr
378 4531 417 4593 Si
437 4533 508 4614 quis
531 4530 621 4593 aliud
641 4529 1043 4635 Evcupcliwabdccuerlt,
1077 4553 1152 4595 απα-
1203 4536 1282 4623 quia
1302 4531 1456 4622 prolecto
1481 4534 1671 4620 impendent·
1703 4529 1827 4600 multae
1859 4552 2001 4620 magnae
2032 4531 2186 4601 mutatio·

85 4690 97 4708 x
169 4615 271 4766 simpron
292 4620 345 4771 stiit.
388 4617 663 4765 Segtvnmrammcc
695 4619 879 4686 sententias
911 4620 1085 4768 affirma
1118 4629 1154 4770 εἰ
1202 4641 1279 4703 nes,
1300 4640 1386 4721 quas
1407 4618 1503 4686 Deus
1526 4622 1663 4709 mitiget,
1685 4631 1757 4697 etc,

228 4725 300 4772 rma
327 4723 403 4770 vas:
546 4724 630 4765 meae
662 4725 766 4770 uocem
800 4725 897 4767 auaro
1076 4751 1087 4786 ‚
1119 4723 1139 4771 e
1233 4758 1235 4763 .

169 4786 269 4850 Nemo
301 4793 407 4874 rapiet
439 4809 494 4851 aas
527 4809 570 4850 ec
601 4791 741 4854 acutas
771 4794 856 4855 meo.
905 4790 1003 4858 ltemz
1023 4791 1063 4853 st
1082 4794 1153 4873 quta
1327 4807 1391 4876 Ex
1412 4807 1633 4876 ,5mequ
1654 4808 1764 4877 ANNq
1784 4785 2060 4874 RHApsomA,

171 4873 282 4956 daupu
303 4895 540 4957 me,rermonem
561 4896 656 4940 mauu
676 4877 821 4941 amabit.
864 4876 963 4944 Item:
984 4875 1154 4958 Ertlefim·

169 4959 1152 5136 ffltgaffimmgtmmplaffmpimaem’
1206 4969 1344 5077 Quare
1374 4971 1498 5056 hodie
1528 4970 1674 5085 legihu
1703 4972 1805 5066 haec
1836 4969 1976 5053 concio
2008 4965 2186 5054 Christi?

171 5134 334 5201 malano
355 5137 407 5199 sit.
451 5136 501 5206 lbi
521 5151 592 5206 non
613 5149 667 5205 cst
686 5134 866 5218 Ecclesia,
899 5138 958 5205 ubi
978 5137 1154 5208 manifeste
1292 5135 1505 5227 Quamquam
1514 5136 1645 5207 videtur
1656 5137 2186 5225 asaabsurdumscmperqaw
