4620 5588
84 232 94 240 ,
149 164 219 249 tut
786 160 902 233 emt.
923 161 1029 231 mur.
1050 159 1239 233 somena
1259 158 1523 231 amoenos
1561 191 1567 202 -
2100 159 2169 229 sm
2217 247 2226 265 ¹

153 357 266 421 rebus.
311 355 359 416 Es
379 356 423 416 tu
444 352 700 441 summouendo
718 354 818 419 homo
839 354 958 420 retinet
980 350 1137 440 anaqal:
1184 354 1290 430 forest
1320 352 1399 427 rich·
1466 351 1521 416 uia
1555 349 1654 418 simul
1687 347 1975 436 comprehenditur
2013 306 2167 417 remissio

146 435 279 508 ¹litatem
299 440 400 507 animi
421 441 455 505 ln
478 443 580 506 rebus
603 441 769 518 aduersis,
790 443 848 502 rote
869 441 928 505 der
945 440 1022 503 Vero
1040 441 1139 506 heiste
1187 447 1417 523 peccatorum:
1492 449 1655 503 tcertas
1701 434 1949 502 sliherationis
1970 433 2092 516 finalis,
2112 433 2168 504 vel
2298 485 2308 510 .

157 526 270 589 Tamen
288 547 350 608 per
366 529 455 608 iprae
476 527 557 588 lucet
579 547 744 591 ammaus
754 526 858 591 decan.
881 525 923 591 Et
935 525 1136 593 Aristoteles
1188 523 1415 610 mitigationis.
1459 522 1556 584 Dieuc
1567 544 1648 608 zwep
1672 523 1723 589 aci
1745 523 1924 590 restituunt
1935 524 2046 588 vitam.
2081 521 2169 589 Con·

153 614 248 680 dicit:
296 610 342 676 Ti
369 613 461 676 :ccliv
483 612 597 695 λάμπει
622 618 653 678 ἐι
669 619 735 687 ταῖς
752 611 933 695 δυστυχίαις.
961 611 1136 680 'Camillus
1188 607 1312 676 solatio
1340 607 1478 675 Philoso
1503 610 1580 675 hica
1609 623 1661 676 est
1693 620 1819 675 tantum
1849 607 1988 697 legalis,
2020 619 2169 675 nonest

152 699 218 764 ltelt
238 698 308 760 sich
330 698 447 760 ehrliolt
469 701 502 763 in
525 696 642 776 exili03
662 696 745 765 nihil
765 710 918 766 movetur
936 702 1137 767 excussione
1187 693 1282 762 Evan
1309 693 1412 776 elica,
1435 632 1502 761 sel
1523 708 1634 762 tamen
1650 697 1685 763 iu
1706 694 1862 762 Ecclesia
1907 714 2018 784 noque
2038 693 2169 782 legales

152 783 222 852 illa.
266 784 378 851 David
401 807 469 850 non
491 783 655 873 frangitur
676 789 786 851 animo
808 784 1043 865 inexilio‚non
1057 807 1136 853 con·
1188 718 1441 848 oonsoiationes
1463 803 1560 849 snum
1582 783 1707 848 hahent
1727 802 1835 854 aerun-
1880 717 2017 870 llegalis
2048 801 2169 848 conso-

153 874 270 939 soisoit
292 873 356 938 sibi
378 886 518 938 mortem
540 874 628 938 sicut
649 869 753 951 Saul,
785 868 865 938 iacit
887 874 1018 953 omnia,
1051 894 1137 960 quae
1188 863 1269 933 latio
1291 871 1390 949 uimpt
1413 867 1493 931 ouclt
1515 869 1644 931 errtlr'cd
1665 870 1916 949 necessitatem,
1944 871 2005 935 sed
2027 869 2171 935 intuatur

153 970 233 1026 sunt
255 956 409 1024 iacienda
430 959 503 1024 viro
525 958 613 1024 lorti.
663 959 911 1040 [temptando-e,
934 960 991 1044 qni
1012 961 1136 1025 resad-
1188 951 1248 1021 illa
1274 956 1471 1032 necessitas
1489 953 1696 1022 voluntatem
1725 955 1798 1022 Dei.
1847 955 1947 1020 Dieso
1969 957 2092 1035 [rauce
2120 954 2173 1018 sol

152 1066 272 1113 versas
295 1047 448 1112 modeste
469 1043 626 1123 tulerunt,
647 1047 705 1106 wie
725 1066 798 1118 mon
818 1053 892 1128 sapt
919 1047 963 1113 de
983 1047 1137 1126 Socrate,
1189 1039 1345 1106 melea.-
1388 1039 1491 1107 Filius
1519 1053 1598 1108 tuus
1627 1056 1680 1110 est
1712 1053 1863 1108 mortuus
1897 1038 2071 1108 voluntate
2091 1039 2169 1121 Dei,

153 1132 244 1219 quod
266 1128 399 1216 placide
420 1132 539 1198 adierit
559 1143 709 1198 mortem.
1158 1126 1165 1217 l
1189 1137 1222 1193 et
1244 1140 1280 1194 tu
1303 1128 1406 1193 debes
1425 1125 1502 1193 Deo
1526 1129 1681 1208 obedire,
1709 1129 1800 1195 iuxta
1823 1125 1921 1194 illud:
1954 1127 2171 1190 Hunilu‘omiai

239 1217 371 1283 Tertius
393 1216 491 1285 locus
514 1231 568 1284 est
589 1217 814 1294 conscientia3
836 1216 929 1285 llaec
941 1230 994 1284 est
1015 1239 1137 1306 magna
1188 1213 1243 1275 tub
1259 1217 1389 1295 potenti
1410 1236 1502 1276 mona
1522 1214 1596 1280 Dei.
1640 1213 2170 1297 {rememoraturum

153 1304 354 1371 consolatio.
398 1302 525 1370 Contra
548 1325 622 1372 oum
645 1302 733 1370 mala
761 1321 814 1370 est
843 1305 1060 1384 conscientia,
1079 1305 1137 1370 du·
1188 1300 1319 1362 ”rilindi
1339 1322 1396 1379 me,
1417 1308 1453 1363 ut
1473 1301 1594 1362 discam
1622 1303 1859 1381 iustificationes
1886 1309 1974 1363 tuae:
2018 1300 2084 1362 und
2111 1303 2171 1364 wis

150 1386 296 1476 plicatur
318 1388 448 1456 malum.
494 1389 675 1456 Calaminae
699 1410 760 1476 per
781 1410 820 1456 se
845 1404 897 1457 est
915 1389 1052 1458 malum:
1075 1392 1137 1459 sed
1188 1386 1343 1452 diuellat
1364 1386 1498 1469 eprucle
1514 1387 1652 1460 lucium,
1699 1409 1763 1454 uae
1787 1388 2012 1474 praecipiunt,
2039 1406 2082 1451 ne
2102 1384 2170 1454 ire·

153 1479 286 1544 accedit
309 1478 446 1542 interius
474 1475 613 1556 malum,
642 1474 814 1556 videlieet,
844 1475 943 1543 dolor
964 1479 1137 1545 conscien-
1187 1494 1315 1542 manuus
1333 1473 1497 1539 adversus
1519 1470 1638 1540 Deum.
1712 1487 1726 1541 t
1747 1477 1799 1541 sic
1822 1475 1956 1542 (licitum
1978 1474 2168 1541 Irascimini.

117 1574 124 1580 “
155 1563 233 1643 tiae,
255 1565 311 1648 qui
334 1575 386 1629 est
407 1563 605 1650 principium
627 1565 743 1630 mortis
760 1574 931 1631 aetarnae·
1187 1566 1219 1626 et
1235 1559 1334 1624 nolite
1350 1580 1500 1641 peccare.

1273 1645 1429 1734 Dignitas
1443 1647 1571 1714 virtutis
1581 1649 1624 1710 ist
1642 1645 1721 1709 auch
1728 1648 1814 1730 fains
1835 1644 2016 1714 Christiani
2034 1666 2101 1713 non
2113 1647 2169 1712 de·

1185 1730 1386 1799 hentfaccre
1395 1745 1512 1799 contra
1524 1734 1699 1810 iustitiam3
1712 1729 2169 1801 nondehentiacercmanda·

1187 1830 1256 1884 tum
1266 1817 1330 1884 Dei
1338 1832 1475 1904 propter
1481 1817 1646 1887 dolorem:
1656 1819 1712 1883 Ilm
1718 1819 1812 1894 sedet,
1823 1823 1882 1883 wie
1892 1842 1988 1883 ιιιιιιι
1992 1819 2092 1902 pelet.
2106 1817 2170 1886 Cu·

307 1888 387 1985 Wie
416 1890 518 1985 heis!
545 1894 621 1985 der
645 1896 825 2011 qemeina
860 1889 989 1987 Vers?
1186 1902 1311 1973 lamnia
1325 1918 1377 1970 est
1389 1907 1533 1972 deterior
1544 1919 1661 1972 morte.
1683 1907 1748 1968 Mir-
1759 1906 2107 1990 oepepneoofflsacten,
2116 1906 2171 1969 die

1187 1993 1247 2053 nrir
1261 1990 1361 2052 mehor
1384 1991 1459 2054 thure
1480 1993 1562 2057 dem
1576 1992 1635 2054 der
1649 1990 1740 2055 roo:
1757 2005 1868 2060 tamen
1884 2015 1952 2061 nun
1973 1994 2081 2059 debeo
2091 1991 2171 2058 mihi

1187 2077 1263 2143 ideo
1288 2078 1503 2146 consciscere
1525 2093 1684 2159 mortem,
1712 2100 1780 2145 non
1811 2079 1917 2147 debeo
1939 2100 1992 2146 mc
2024 2080 2170 2146 abiicere

286 2199 422 2262 comp„
444 2220 528 2266 ,mg
548 2207 584 2263 „p
611 2203 722 2284 mque
744 2221 804 2266 m
832 2208 892 2272 m,
923 2204 972 2263 pta
996 2202 1138 2283 compi,
1188 2166 1351 2248 turpiter,
1383 2184 1450 2229 non
1483 2163 1597 2232 facere
1631 2177 1748 2231 contra
1781 2166 1989 2273 modestiam.
2043 2165 2170 2270 lloiete,

325 2289 412 2349 pm„
1188 2258 1261 2332 sapt
1282 2246 1418 2330 Paulus,
1440 2272 1502 2314 aon
1523 2259 1558 2314 ot
1578 2260 1696 2334 pentes.
1740 2251 1832 2323 Item,
1855 2264 1951 2318 toties
1969 2264 2170 2339 praecipitur

284 2371 653 2454 1»......,........·.
673 2393 816 2457 ...aa
836 2381 1004 2457 ..am
1024 2375 1101 2438 Μ’·
1189 2337 1480 2486 littt'zlttff‘
1497 2338 2171 2493 attilus²...¹.''.t'.t².⁰tlt.ttf“itt

244 2508 390 2585 Quartus
411 2507 509 2576 locos
528 2521 580 2576 est
590 2507 804 2596 Exemplum:
834 2509 930 2576 Wem
947 2513 1033 2575 eiam
1043 2509 1139 2574 utera
1188 2508 1349 2575 dehemus
1371 2508 1546 2599 indulgere
1569 2509 1689 2593 dolori,
1712 2512 1872 2580 debemus
1895 2513 2067 2579 resistere:
2086 2512 2171 2585 Quin

153 2595 258 2664 leiden
279 2597 346 2676 sol,
374 2597 473 2662 wirde
501 2596 600 2658 mmai
617 2596 767 2663 schweerr
793 2599 855 2663 sed
884 2599 1017 2703 quando
1043 2595 1137 2664 multi
1188 2597 1325 2658 tristitia
1347 2597 1469 2661 occidit
1489 2596 1656 2679 homiuem
1688 2606 1719 2662 et
1750 2621 1813 2662 uon
1846 2607 1893 2662 est
1919 2598 2043 2663 utilitas
2063 2602 2098 2662 ie
2120 2618 2169 2665 eu.

153 2684 335 2772 patiuntur,
352 2704 527 2750 movemur
537 2682 749 2769 aequalitate,
762 2696 799 2750 ut
819 2682 951 2750 scodrus
972 2682 1136 2751 feramus:
1188 2680 1266 2748 Non
1289 2683 1449 2750 debemus
1471 2681 1656 2770 indulgere,
1679 2685 1740 2751 sed
1762 2706 1843 2772 repo
1892 2697 2007 2765 are,et
2027 2687 2172 2754 retinere

154 2770 231 2837 cuia
262 2771 389 2835 iustitia
421 2782 474 2835 est
502 2767 697 2854 aequalitas.
741 2771 823 2836 Dios
843 2773 889 2835 ist
910 2770 991 2831 cccl
1012 2767 1136 2855 qualis-
1188 2788 1306 2853 paoem
1323 2767 1397 2836 Dei.
1441 2768 1520 2833 Pae
1539 2769 1604 2832 Dei
1622 2772 1771 2854 pubentet
1791 2794 1848 2837 cor
1912 2780 2026 2837 uestra
2069 2771 2169 2838 ltemt

154 2868 293 2942 cunque
305 2853 507 2938 consolatio,
520 2857 610 2921 sieut
632 2857 754 2923 dicitnr
774 2860 808 2923 in
829 2857 1024 2942 proverbio:
1046 2855 1136 2919 Com·
1188 2853 1255 2918 Sile
1276 2854 1425 2920 Dourion.
1469 2854 1624 2938 ltem,1a
1644 2858 1785 2934 silentio,
1806 2859 1841 2926 id
1863 2870 1934 2944 est,
1954 2859 1989 2928 lu
2010 2855 2171 2949 tranquil·

152 2962 242 3006 tnttne
262 2944 465 3024 ncusropt'um
487 2949 534 3004 est
554 2942 690 3024 singulte
710 2942 905 3013 consolatio.
928 2941 1025 3008 κοινὰν
1047 2943 1136 3008 rauci·
1187 2939 1281 3008 litate
1302 2941 1412 3008 animi.
1696 2996 1700 3004 .
2135 3014 2145 3026 ,

10 3086 17 3100 ,
130 3068 135 3077 ‹
171 3054 216 3094 ιιι
243 3028 377 3102 ἑκάστοις
401 3027 610 3115 παραμύθιον.
667 3027 765 3092 Werm
792 3032 843 3093 eia
867 3048 1043 3095 commune
1071 3050 1137 3095 ma·
1274 3025 1372 3095 Bona
1394 3029 1599 3097 conscientia
1631 3031 1665 3096 in
1697 3029 1832 3100 homine
1853 3031 2046 3102 Christiano
2067 3033 2168 3101 etiam

150 3053 221 3182 lum
242 3114 361 3197 locant,
383 3126 452 3180 tum
473 3133 647 3182 movemur
667 3115 842 3202 exemplis,
857 3111 1135 3183 utminusdoleu·
1187 3112 1302 3183 minuit
1324 3111 1490 3184 dolorem:
1538 3116 1637 3180 Wenu
1657 3117 1709 3181 icit
1730 3123 1826 3201 oete,
1859 3121 1946 3208 quod
1969 3121 2078 3207 patior
2098 3139 2168 3188 uon

151 3219 240 3281 ntus,
259 3221 365 3267 warns
386 3199 483 3263 seton
499 3201 652 3282 rmsonffle
672 3201 750 3270 mot.
1187 3211 1325 3348 propter
1341 3200 1485 3284 scelera,
1506 3226 1543 3267 so
1565 3203 1648 3266 loide
1671 3205 1723 3269 ich
1743 3210 1800 3271 orit
1827 3206 1919 3270 desto
1939 3205 2095 3290 calipsum
2115 3227 2167 3292 pe·

240 3286 381 3362 Quintus
403 3284 515 3366 locus,
538 3307 682 3354 caussae
704 3284 836 3369 finales,
858 3284 1026 3370 videlicet,
1045 3288 1135 3375 qnod
1186 3294 1249 3349 naut
1272 3335 1281 3352 .
1308 3284 1386 3357 ,Est
1408 3289 1532 3374 capua
1552 3295 1674 3374 oropus
1694 3296 1809 3358 crimea
1831 3293 1936 3358 adesse
1956 3294 2057 3362 molis.
2097 3292 2168 3362 Sed

152 3373 317 3442 interdurn
351 3374 450 3441 unius
483 3375 731 3443 incommodum
762 3374 902 3462 prodest
934 3372 1067 3457 multis,
1098 3388 1136 3442 nt
1187 3369 1243 3439 hic
1263 3375 1460 3442 inserendae
1481 3376 2080 3470 suntConsolationesEvangelicae:
2095 3378 2168 3448 Pri·

151 3459 248 3529 miles
271 3462 409 3528 moritur
429 3462 465 3528 in
486 3461 570 3540 acie,
591 3483 655 3547 pro
676 3459 786 3553 salute
807 3458 1035 3549 Reipublicae.
1187 3480 1275 3527 nram
1297 3463 1421 3548 agnitio
1442 3467 1653 3550 praesentiae
1674 3466 1755 3544 Dei;
1776 3465 1941 3543 videlicet,
1964 3470 2053 3555 qnod
2070 3467 2168 3533 Deus

144 3595 147 3599 .
239 3548 374 3628 Sextus,
396 3544 742 3627 collatioeventuum·
786 3547 907 3615 illelius
925 3560 980 3615 est
995 3548 1081 3617 rnorl
1101 3549 1136 3616 iu
1187 3567 1268 3613 vere
1290 3558 1449 3629 testetur,
1476 3554 1565 3636 quod
1587 3552 1667 3619 velit
1689 3554 1812 3620 adesse
1834 3551 1985 3620 afflictisz
2032 3555 2094 3618 Ubi
2113 3553 2167 3616 lto

150 3633 236 3710 acie,
259 3657 359 3721 quam
381 3636 497 3701 venire
523 3634 557 3699 in
585 3636 779 3702 servitutem
801 3633 977 3702 Tureieam
1011 3647 1046 3704 et
1077 3635 1135 3703 im·
1187 3633 1299 3696 ditabit
1320 3634 1494 3700 Domt'ttttti
1516 3628 1658 3703 incursic
1675 3643 1813 3704 contrito
1826 3644 1982 3724 rispt'rt'ltt
1991 3640 2167 3705 ltwrtilt'att).

150 3720 252 3826 piam.
296 3721 379 3788 Dius
399 3725 443 3784 ist
462 3721 649 3804 pemeiuliclt
669 3721 758 3802 also,
786 3718 878 3787 Mala
899 3743 968 3789 non
989 3723 1136 3790 vitantur
1186 3717 1237 3786 'l'u
1254 3723 1388 3806 quando
1411 3743 1450 3788 es
1470 3725 1505 3789 in
1527 3746 1649 3813 magna
1671 3727 1826 3807 tristitia,
1859 3728 1992 3813 quando
2013 3741 2112 3814 putas
2133 3739 2169 3793 te

151 3825 186 3873 tn
207 3804 273 3872 hoc
296 3808 419 3874 mundo
442 3810 516 3872 sine
537 3807 613 3873 aliis
635 3805 733 3873 malis
761 3819 796 3873 et
815 3809 1053 3888 incommodis,
1080 3806 1136 3871 Ei·
1187 3826 1266 3872 esse
1286 3809 1452 3876 abiectum
1474 3833 1496 3876 a
1521 3823 1591 3877 tota
1613 3834 1722 3878 rorum
1744 3825 1879 3894 natura,
1908 3827 2017 3881 tamen
2046 3834 2085 3881 es
2108 3815 2168 3881 do·

150 3911 211 3958 ner
237 3892 346 3967 welle,
375 3914 442 3959 roas
470 3915 505 3961 er
532 3894 639 3974 molle,
668 3905 780 3960 tamen
800 3895 914 3962 incidit
935 3895 969 3960 in
989 3893 1135 3980 aliquam
1186 3889 1341 3959 micilium
1363 3893 1449 3975 Dei,
1482 3895 1611 3964 scilicet
1642 3900 1671 3964 si
1704 3899 1933 3981 invocaveris,
1951 3902 2043 3967 iuxta
2064 3898 2165 3967 illud:

282 2111 345 2178 nst
364 2112 487 2196 aliquid
507 2115 630 2196 mupnis
652 2116 767 2176 ermen
788 2114 895 2179 adesse
916 2113 1015 2176 molis.

18 4055 22 4064 ,
149 3977 346 4048 molestiam.
1185 3979 1304 4042 amaea
1335 4001 1382 4044 mc
1409 3985 1443 4045 ta
1474 3984 1529 4046 die
1561 3983 1784 4049 remotionis.
1849 3983 1911 4052 llla
1944 3988 2068 4075 agnitio
2100 3985 2168 4054 Dei

241 4066 357 4133 Potest
387 4067 467 4133 addi
500 4078 535 4132 et
566 4066 728 4133 uelimus
760 4063 857 4135 locus
887 4063 1136 4135 Consolationis
1188 4086 1261 4132 com
1286 4062 1419 4135 leotitur
1451 4071 1680 4135 remissionem
1712 4083 1948 4157 peccatorum,
1982 4086 2015 4139 et
2046 4085 2168 4159 postea
2261 4125 2266 4133 .

149 4148 430 4237 Philosophicaet
453 4154 541 4240 Spes
570 4089 679 4220 salicis
712 4153 839 4232 exitus;
870 4153 934 4220 sed
966 4150 1023 4219 illa
1054 4174 1136 4241 spes
1187 4089 1355 4234 auxilium,
1377 4151 1433 4221 vel
1449 4157 1521 4242 ,miti
1548 4158 1700 4224 ationem.
1742 4158 1836 4225 llaec
1859 4173 1953 4227 certo
1974 4159 2076 4226 fiante
2114 4160 2167 4227 lo·

150 4248 206 4304 est
227 4239 402 4306 admodum
425 4240 553 4306 incerta
575 4251 609 4307 et
628 4239 738 4312 dubia.
753 4252 788 4308 ut
805 4240 894 4327 apud
906 4239 1135 4325 'lheooritumr
1186 4238 1308 4308 nathae
1330 4252 1424 4306 certo
1442 4243 1507 4308 soit
1523 4179 1634 4309 iteum
1654 4241 1719 4309 sidi
1741 4247 1886 4326 ahesse,
1919 4247 1985 4313 soit
2017 4247 2082 4313 sibi
2114 4266 2167 4313 re·
2301 4318 2304 4324 ,

150 4320 271 4389 Fidero
297 4324 397 4392 Batte
430 4328 543 4402 decet3
575 4323 694 4392 melius
724 4347 802 4394 oras
834 4325 950 4394 forsan
983 4325 1134 4394 habebis.
1187 4327 1293 4393 missa
1313 4347 1392 4392 esse
1414 4329 1524 4396 omnia
1544 4341 1696 4415 peccata,
1719 4331 1784 4397 scit
1815 4331 1881 4397 sihi
1912 4332 2054 4420 mitigari
2073 4328 2168 4401 illurn

149 4409 230 4478 Alto
252 4411 327 4473 eiad
345 4411 408 4478 olle
427 4413 514 4479 diere
543 4409 803 4480 Consolationes
835 4436 895 4477 aar
925 4413 1069 4497 ἰάλεμοι,
1101 4414 1137 4479 id
1187 4412 1311 4481 aditum
1334 4413 1378 4480 ad
1394 4425 1548 4500 mortem3
1570 4436 1771 4503 quamquam
1791 4421 2060 4486 nonmerebatur
2076 4416 2169 4487 illam

150 4507 213 4580 eat,
235 4498 369 4564 cantica
390 4511 612 4565 mortuorum:
634 4498 684 4562 Ist
705 4500 777 4564 leia
797 4501 929 4575 recltter,
953 4507 1046 4572 trost,
1067 4500 1137 4584 pidt
1187 4513 1352 4579 mortem,
1383 4500 1473 4566 sicut
1497 4513 1615 4588 pater,
1648 4503 1711 4568 sed
1742 4500 1904 4592 singulari
1937 4503 2079 4572 consilio
2101 4503 2169 4574 Dei

148 4580 222 4651 kain
244 4583 331 4647 ledea
352 4583 433 4648 noch
448 4583 574 4664 made
685 4624 686 4628 =
1187 4582 1341 4652 sublatus
1364 4597 1427 4652 est.
1471 4586 1546 4654 Huc
1568 4589 1738 4677 adiungite
1759 4587 1875 4675 plures
1897 4592 2097 4661 sententias:
2117 4603 2169 4674 ut,

1186 4671 1296 4753 Propo
1327 4680 1374 4735 ert
1401 4673 1578 4756 Dominus,
1611 4675 1750 4738 omnihus
1780 4677 1956 4739 timentibus
1981 4673 2038 4745 ια’
2067 4678 2167 4748 ltsmt

1185 4758 1285 4823 racto
1306 4757 1519 4823 esthamma
1534 4761 1595 4849 lis,
1608 4763 1662 4844 pur·
1683 4759 1831 4824 tribulato
1853 4770 1925 4826 suat
1941 4766 2048 4826 corde.
2091 4764 2169 4833 lloe

1037 4876 1040 4881 ·
1187 4855 1331 4912 testatur
1360 4843 1466 4912 lilius
1498 4844 1564 4914 Dei
1597 4865 1661 4914 sue
1694 4845 1859 4935 exenrplo.
1909 4849 1956 4912 m
1978 4858 2092 4915 trostet
2113 4851 2169 4916 dir

212 4913 465 5004 Christianae
495 4917 789 5006 consolationes
820 4948 927 5034 quae
956 4919 1079 5007 sunt?
1182 4932 1296 5012 fruor,
1312 4940 1352 4998 st
1367 4934 1625 5010 resuscitatione
1647 4932 1722 5019 ipsa
1746 4943 1889 5003 testatur
1908 4937 2168 5022 promissionem

510 5036 528 5066 ⁴
1188 5037 1268 5089 erse
1289 5037 1415 5084 reram.

238 5097 417 5181 Adduutur
438 5102 538 5173 duae:
569 5101 706 5192 Agnitio
732 5103 946 5193 praesentiae
966 5100 1053 5188 Dei,
1073 5101 1137 5172 dut
1274 5102 1418 5194 Oportet
1439 5115 1549 5174 autem
1565 5104 1633 5174 huc
1653 5105 1817 5176 accedere
1845 5129 1939 5198 spem
1959 5106 2168 5183 liberationb
