4620 5588
106 146 224 284 liu,
489 229 494 239 ·
800 212 1041 281 amanen
1063 208 1590 310 manuteneamus·
2100 214 2172 284 ret

161 398 226 471 W
245 407 406 471 seruate
425 407 507 482 cito,
528 404 599 469 end
613 404 817 486 pedeneiteu:
844 402 916 467 Nos
938 400 1136 481 habebimus
1186 419 1380 470 communes
1402 402 1564 471 tumeries.
1618 406 1676 472 iim
1689 407 1799 488 mitid
1818 407 1932 486 eetirt,
1965 411 2026 472 atie
2046 425 2083 472 er
2103 424 2171 473 m
2194 412 2198 417 ’

137 488 278 580 'ionum
300 500 422 556 statam
444 491 509 554 sub
541 490 607 552 isto
633 491 800 575 principe,
832 491 908 554 and
927 490 1032 555 mnne
1053 491 1140 555 aeti
1182 490 1288 573 petest.
1345 486 1511 576 Origenes
1541 491 1620 557 citat
1640 489 1725 556 haee
1747 491 1853 572 dieta,
1878 491 2011 580 quanio
2033 491 2169 578 expernit

149 579 349 660 nemimem,
380 578 460 642 dees
492 594 528 641 ee
558 577 706 643 dereeite
738 580 821 642 oties
851 578 1044 652 veracitet,
1077 577 1137 642 elie
1186 575 1461 662 propositionem:
1483 579 1563 644 Fide
1583 579 1802 658 iustificantes.
1843 577 1937 644 treme
1967 579 2076 657 neno,
2093 596 2168 664 prm

152 660 241 731 &nrt
262 665 316 729 ein
332 660 456 728 endem
487 660 532 726 iit
564 678 630 724 nos
660 661 727 726 hoe
760 677 910 747 tempore
932 657 1034 725 multa
1056 660 1137 727 talia
1186 680 1260 728 ram
1280 664 1439 730 remissae
1459 672 1537 730 emt
1561 669 1761 748 interciatam
1790 674 1824 730 et
1847 658 1940 730 dicite
1972 683 2041 728 non
2062 650 2168 729 debes

154 744 307 899 exempllla
339 749 489 897 viffimfli
556 744 658 853 Deus.
692 745 819 850 colligit
852 746 914 812 sibi
948 744 1137 815 Ecclesiam
1187 761 1313 814 tantum
1330 747 1397 854 hoe
1419 747 1546 855 legere,
1567 750 1628 814 sed
1650 751 1749 854 spire,
1770 751 1860 838 quod
1882 770 1956 820 cum
1979 747 2047 816 tide
2068 770 2169 836 opor·

152 832 353 1011 titii
367 835 436 986 ‘ii
453 832 1142 1006 iiqiiiisiiitiiiiiitiitii
1187 836 2169 1010 tiotffl‘itt⁰itiittiiiiiii0tti‘itiiit

21 1007 33 1024 ⁶
153 1005 322 1091 confidere
362 1005 514 1073 raesidiis
526 1003 724 1091 Principum,
747 1005 978 1092 hospitiorum,
999 1007 1137 1086 arcium,
1187 1004 1229 1073 de
1250 1006 1486 1074 iustificatione
1508 1027 1621 1074 coram
1644 1005 1739 1090 Deo,
1770 1029 1868 1093 quarn
1889 1008 2015 1074 iaciunt
2032 1006 2169 1074 scitula·

151 1024 498 1180 Rerum'publicarum,
526 1094 605 1159 oder
626 1099 688 1158 rote
709 1096 1015 1172 amomacum,
1041 1091 1136 1158 Deus
1187 1093 1263 1160 utici
1282 1094 1451 1174 doctores,
1472 1091 1664 1160 Themistae
1686 1106 1719 1162 et
1739 1093 1804 1167 eiii.
1849 1094 1907 1162 Sic
1934 1108 2168 1183 argumentor:

151 1176 225 1245 vuit
245 1198 311 1245 nos
333 1181 486 1246 modeste
507 1180 555 1245 uti
577 1179 648 1243 suis
673 1177 856 1244 beneflciis.

239 1262 378 1333 Durnon
399 1275 474 1348 rapt
491 1272 559 1331 stim
580 1262 753 1345 Christus,
780 1263 936 1331 videlicet
958 1266 1000 1330 de
1023 1284 1136 1344 cruce,

151 1352 244 1504 puori
266 1348 421 1419 licciesia
443 1351 487 1416 sit
509 1353 660 1417 subiecta
684 1353 787 1430 cruci,
815 1362 848 1417 et
869 1351 962 1417 addit
984 1350 1138 1437 exempla

180 1439 407 1522 rophetarum,
421 1435 1136 1526 quosconstatllrisseinmagnisaerumnis,
1222 1475 1226 1492 ·

152 1536 187 1591 et
209 1523 307 1592 simul
325 1536 452 1604 monet,
478 1543 521 1590 ne
542 1536 719 1610 propterea
749 1526 935 1612 cogitemus
966 1542 1030 1589 nos
1059 1544 1137 1589 esse

152 1613 304 1678 abiectos
325 1632 347 1677 a
368 1609 456 1691 lieo,
477 1613 569 1698 quod
592 1612 697 1677 simus
719 1611 860 1675 subiecti
882 1611 983 1676 eruci.
1157 1581 1165 1746 ι

239 1697 289 1764 ita
311 1696 397 1763 haee
418 1709 488 1764 teta
522 1698 640 1762 concio
671 1707 725 1762 est
753 1697 923 1763 doctrinae
956 1709 990 1761 et
1015 1714 1137 1762 consu·
1394 1756 1403 1773 ,
1540 1755 1549 1772 ,
2102 1756 2111 1773 ‚
2145 1757 2156 1773 ‚

152 1779 233 1849 tatio
257 1797 374 1850 eontra
408 1783 582 1870 opiniones
605 1781 838 1864 pharisaicas,
865 1784 962 1870 quasi
983 1779 1137 1849 Ecclesia
1190 1754 1327 1860 Quare
1364 1759 1429 1839 hta
1473 1753 1571 1838 facts
1603 1753 1924 1866 Synecdocheni
1967 1782 2050 1838 nun
2099 1756 2170 1859 rbi,

153 1870 198 1936 sit
220 1865 332 1937 iutura
347 1887 487 1956 reguum
500 1869 627 1935 florens
649 1867 742 1956 iuno,
766 1883 799 1936 at
821 1872 952 1954 opinus.
982 1866 1137 1935 cinistus
1189 1907 1281 1962 cum
1315 1877 1480 1960 dicitur,
1515 1886 1630 1966 Beati,
1658 1904 1793 1972 qm,
1825 1888 1981 1953 ,emm
2006 1895 2086 1953 ,m
2106 1889 2171 1953 tm:

152 1951 803 2131 iitii'gnitiiiiiiiitiitiit
824 1953 1137 2108 iiii‘iiitit
1594 1989 1756 2075 tite?
1870 1973 1872 1976 ’

152 2148 243 2202 uem,
276 2129 372 2215 quod·
399 2141 509 2194 minen
531 2131 618 2194 inter
649 2126 726 2194 ilias
760 2131 912 2195 miserias
976 2148 1035 2194 erra
1058 2126 1138 2194 velit
1275 2127 1487 2214 Respondes.
1533 2124 1623 2193 Volo
1652 2129 1791 2213 primum
1819 2127 2023 2212 respondere
2050 2125 2170 2194 Grem-

153 2234 292 2282 servare
312 2213 513 2295 Ecclesiam,
535 2217 625 2280 iuxta
647 2212 747 2280 illude
776 2215 852 2283 Non
878 2221 1059 2298 relinquam
1081 2235 1139 2281 cos
1188 2216 1319 2281 matius.
1363 2213 1470 2294 Beati,
1493 2235 1560 2279 non
1585 2213 1753 2302 significat
1783 2210 1838 2280 hie
1871 2214 2027 2279 iustitiam
2055 2232 2171 2280 comm

94 2304 326 2389 warum.
375 2301 473 2368 item:
510 2304 616 2386 deque
636 2305 687 2368 ed·
711 2312 873 2369 senectam
902 2303 1041 2386 portatu
1072 2320 1137 2368 our.
1188 2298 1276 2382 Deo,
1299 2302 1359 2367 scd
1383 2301 1546 2367 habentes
1570 2321 1639 2366 rem
1668 2301 1807 2380 bonam,
1835 2301 1900 2365 das
1926 2301 1972 2365 ist
1999 2297 2172 2365 Gramma·

152 2385 247 2454 Deus
271 2406 337 2455 non
360 2400 539 2475 propterea
562 2391 648 2453 sinet
667 2385 771 2453 deleri
788 2386 988 2455 Ecclesiam.
1012 2388 1138 2453 etiamsi
1189 2389 1256 2454 tice
1278 2385 1414 2467 solutio,
1436 2388 1469 2452 id
1492 2398 1555 2467 est,
1578 2399 1824 2473 paupertatem,
1857 2375 2015 2464 iniurias,
2046 2386 2174 2452 iudicat

28 2530 32 2539 .
153 2474 216 2542 arie
247 2475 281 2540 iu
313 2477 446 2562 magnis
479 2475 666 2540 aerumnis:
704 2478 824 2542 Portae
858 2480 1041 2560 tesserarum
1073 2493 1139 2541 nott
1188 2475 1331 2539 mundus
1355 2492 1435 2540 esse
1465 2475 1563 2560 signa
1595 2475 1666 2539 irae
1687 2470 1774 2549 Dei,
1808 2475 1906 2559 signa
1936 2472 2126 2537 reiectionis
2150 2491 2173 2537 a

147 2561 385 2647 procreabunt
402 2571 520 2629 cmtru
540 2581 623 2628 eum.
1188 2558 1276 2625 Deo.
1319 2559 1393 2647 Ego
1417 2560 1504 2640 dico,
1527 2580 1594 2625 non
1618 2578 1697 2624 esse
1717 2560 1816 2646 signa
1837 2559 2028 2623 reiectionis
2049 2556 2172 2639 aDeo,

1189 2646 1250 2714 sed
1272 2668 1328 2712 res
1350 2648 1470 2712 bonas.
1513 2644 1633 2726 Beati,
1664 2647 1700 2711 id
1728 2656 1801 2724 est,
1834 2642 1996 2710 habentes
2017 2664 2089 2709 rem
2109 2646 2172 2710 bo-
2268 2694 2273 2701 -

404 2764 468 2833 Ex
485 2766 592 2834 Am
613 2765 888 2834 RpApSODpA·
1190 2735 1409 2804 nemetae
1430 2732 1617 2800 dusteiet:
1657 2732 1800 2811 Beatam
1822 2733 1881 2816 put
1898 2729 2050 2816 inteiiipit
2069 2749 2175 2816 super

1189 2839 1318 2907 spernam
1340 2827 1371 2884 et
1391 2838 1578 2904 pauperem
1653 2881 1657 2891 ,

1316 1214 1379 1280 llic
1409 1216 1546 1282 diciturt
1572 1214 1674 1281 Beati
1696 1235 1878 1301 postumae,
1906 1217 2014 1297 enites,
2041 1216 2169 1282 mseri-

1316 1302 1564 1472 &diffamer
1584 1396 1703 1455 metro
1723 1408 1825 1474 opera
1839 1407 1949 1455 omnes
1969 1388 2064 1455 tenti
2154 1388 2162 1399 '

1273 1524 1489 1612 Respondeo.
1531 1524 1595 1592 Est
1617 1524 1851 1612 Synemoohe

154 2924 256 3033 Quis
286 2942 351 3012 est
379 2928 470 3011 finis
506 2928 626 3012 huius
664 2927 893 3011 concionis?
932 2955 1014 3037 quo
1045 2956 1138 3038 spe-
1694 3003 1697 3007 ,

152 3044 265 3142 etati
279 3064 284 3073 “
297 3077 422 3161 qnare
444 3049 563 3132 istam
579 3049 1008 3153 commemorationem
1023 3047 1139 3159 ponit
1189 3047 1314 3132 Estne
1345 3047 1474 3130 iustus
1509 3059 1743 3159 propterea,
1781 3046 1825 3129 id
1862 3059 1941 3152 est,
1979 3057 2172 3160 acceptus

345 3182 441 3254 ante
473 3169 787 3255 declarationem
817 3167 943 3279 legis?
1244 3168 1457 3253 advitam
1488 3180 1697 3252 aeternam
1728 3179 1771 3249 et
1800 3168 1961 3279 placens
1991 3165 2112 3255 Deci

167 3352 171 3357 ·
239 3333 454 3423 Respondeo.
490 3333 576 3402 'lota
593 3332 679 3402 haec
700 3335 833 3403 concio:
855 3337 953 3400 Beati
961 3352 1140 3419 pauperes,
1276 3335 1371 3411 Non;
1393 3334 1453 3398 sed
1476 3332 1605 3399 habens
1627 3353 1698 3398 rem
1731 3334 1876 3412 bonam,
1908 3330 2038 3398 hebens
2070 3351 2173 3399 unam

150 3432 257 3505 mitet,
285 3425 521 3504 misericordes,
542 3432 607 3488 etc.
630 3434 681 3488 est
703 3417 889 3489 consolatio
902 3433 1021 3485 contra
1042 3439 1140 3486 soan-
1190 3423 1356 3505 virtutem,
1380 3421 1498 3486 dieitur
1515 3420 1557 3485 de
1577 3421 1701 3488 iustitia
1722 3416 1921 3503 particulari.
1966 3417 2062 3485 ltemt
2082 3416 2173 3484 Bea-

154 3511 264 3585 dalum
284 3511 411 3577 crucis:
434 3507 794 3588 etesiconeiotluiois,
815 3506 1139 3594 sedinexperiundo
1191 3517 1255 3588 tas,
1276 3508 1335 3594 qia
1352 3506 1449 3574 tebet
1468 3525 1602 3572 tramam
1634 3506 1889 3584 eonvenimtem,
1920 3506 2031 3588 piam
2063 3506 2174 3570 mode·

154 3596 256 3666 ruite
278 3616 404 3664 amara·
451 3594 516 3661 Est
548 3596 669 3663 conclu
697 3616 762 3685 pru
790 3613 894 3682 grege
916 3591 1139 3659 scholasticos
1191 3603 1287 3674 mum,
1309 3595 1343 3660 id
1364 3606 1428 3679 est,
1449 3590 1579 3659 habena
1602 3612 1672 3676 ram
1694 3594 1827 3657 bonam.
1876 3593 1949 3658 Das
1979 3590 2083 3670 tam,
2115 3610 2173 3655 se·

153 3686 206 3756 ΕΙ
222 3695 266 3755 tet
285 3691 358 3752 eine
385 3686 519 3769 predict
546 3687 608 3767 lter
638 3686 691 3750 die
723 3700 838 3750 armen
866 3681 1055 3763 taedentem,
1083 3698 1141 3745 nor
1192 3681 1335 3748 cundum
1369 3699 1483 3746 veram
1516 3691 1551 3745 at
1582 3677 1766 3763 simplicem
1800 3676 2064 3761 Grammaticem.
2109 3675 2172 3744 sia

153 3772 344 3842 aermon
366 3773 614 3854 dormvsariier,
647 3773 716 3837 aad
735 3774 799 3837 atie
815 3767 1042 3852 predicantem,
1070 3766 1141 3832 ubi·
1193 3767 1327 3833 dieiturr
1348 3766 1484 3837 Beatos,
1506 3768 1564 3852 pos
1582 3766 1704 3830 imeae
1725 3783 1859 3830 worma
1879 3763 2013 3841 immor,
2039 3771 2076 3827 et
2092 3761 2172 3829 loc

154 3874 287 3948 cunque
304 3869 401 3936 sunt,
434 3856 562 3922 sivein
591 3856 749 3935 urbibus,
783 3857 856 3921 sive
877 3855 910 3918 in
930 3854 1052 3940 pagis,
1085 3851 1142 3938 qui
1192 3856 1256 3921 rtet
1276 3855 1472 3938 vomptctenr
1495 3874 1518 3916 u
1538 3851 1690 3917 Domino.
1733 3850 1869 3930 Beatus,
1892 3851 1951 3936 qai
1968 3851 2106 3929 incerat,
2135 3850 2172 3915 id

153 3967 222 4014 non
245 3955 323 4014 sunt
344 3943 466 4009 tribuni
492 3941 621 4027 plebis,
655 3943 782 4019 idest,
837 3941 871 4005 ui
903 3959 972 4005 non
994 3941 1038 4004 ita
1063 3956 1140 4004 con·
1193 3950 1257 4019 est,
1279 3943 1333 4006 cui
1356 3939 1496 4027 contigit
1516 3958 1603 4005 uxor
1624 3939 1725 4017 bone,
1747 3948 1783 4002 et
1803 3937 1903 4024 digna
1925 3934 2038 4001 laude:
2059 3937 2170 4015 idest,

155 4032 348 4111 cierentur,
382 4041 418 4096 ut
449 4031 518 4095 sint
546 4025 671 4095 similas
699 4029 806 4116 magis
858 4028 984 4092 riconis
1016 4023 1139 4111 plebis,
1193 4027 1321 4094 Beatus
1344 4037 1418 4106 est,
1451 4026 1505 4110 qui
1526 4022 1629 4090 habet
1646 4020 1859 4110 tranquillum
1893 4024 2106 4111 coniugium,
2136 4023 2173 4088 id

323 4119 352 4183 ei
376 4114 508 4183 nicrum
519 4113 656 4193 Christi,
678 4116 780 4183 Estet
798 4117 860 4180 der
875 4128 990 4179 ermen
1011 4115 1142 4178 selum
1164 4131 1168 4139 ·
1193 4124 1258 4193 est,
1279 4114 1408 4180 liabens
1429 4131 1499 4176 rem
1521 4112 1655 4177 bonam.
1698 4108 1776 4175 Non
1800 4109 1919 4176 dieitm
1946 4109 1989 4175 de
2015 4120 2173 4196 accepta·

147 4208 291 4292 predict.
373 4204 440 4269 trud
469 4199 621 4289 plerique
642 4203 716 4267 sitis
748 4218 933 4288 pauperes,
968 4199 1075 4277 scitis,
1107 4207 1142 4263 et
1192 4202 1283 4266 tione
1304 4219 1417 4266 eoram
1438 4195 1525 4263 Deo.
1570 4196 1638 4262 lam
1660 4196 1860 4263 accedemus
1882 4196 1926 4262 ad
1953 4191 2095 4261 alteram
2119 4213 2173 4261 sc

155 4293 246 4383 quod
266 4292 364 4377 pauci
391 4291 457 4355 sint
485 4289 618 4355 divites.
672 4286 804 4354 Deinde
830 4288 921 4373 quud
949 4298 1139 4351 contemna-
1191 4284 1361 4352 lationem.
1406 4284 1443 4349 ln
1467 4285 1620 4350 omnibus
1643 4283 1741 4349 dietis
1763 4283 1924 4348 debonis
1946 4281 2173 4367 operibnsest

154 4399 240 4458 mur,
262 4379 360 4443 etiam
382 4375 519 4454 seimus,
539 4377 610 4442 med
627 4378 707 4442 dees
728 4379 792 4442 atel
806 4376 966 4456 permen,
998 4373 1069 4438 med
1083 4388 1139 4453 pe·
1159 4388 1168 4486 p
1191 4370 1425 4462 synecdoche.
1704 4388 1706 4393 ’

155 4471 237 4535 ettrr
257 4466 363 4532 rmder
383 4482 447 4530 rura
467 4481 535 4546 rep,
562 4463 625 4528 due
645 4464 746 4529 oeten
772 4466 835 4526 mr
854 4461 947 4525 caet.
991 4455 1057 4532 Qui
1078 4458 1139 4544 igi·

154 4560 209 4620 titi·
229 4549 331 4618 habet
352 4549 497 4614 animum
525 4559 677 4634 paratum
709 4550 754 4613 ad
786 4543 958 4611 ferandum
989 4541 1064 4623 iiia,
1097 4542 1140 4607 de
1375 4600 1383 4618 ,
1492 4600 1500 4619 ,
1546 4600 1555 4617 ,
1982 4596 1992 4614 ,
2018 4596 2028 4614 ‚

156 4640 277 4726 quibus
299 4635 353 4701 hie
376 4635 511 4714 dicitur,
541 4630 599 4699 ilia
621 4646 675 4699 est
695 4635 823 4700 beatur.
879 4626 1073 4696 Transiarta
1094 4629 1139 4694 ad
1191 4600 1328 4707 Qum
1372 4630 1414 4685 in
1460 4601 1578 4684 dictis
1623 4599 1678 4683 (le
1717 4598 1800 4682 fide
1837 4623 1921 4682 non
1951 4595 2051 4680 dicis
2082 4624 2170 4681 esse

155 4727 362 4817 vosipsos,
403 4734 483 4786 tune
520 4718 651 4826 melius·
670 4716 880 4824 intelligatis.
941 4717 978 4783 ln
1013 4715 1139 4822 nostris
1516 4714 1839 4831 synecdochen?

155 4803 873 4969 litiditpddiiriim'lliidieintvdiludia?orrriisequliti,l
890 4805 1140 4976 litpeddiddildl
1277 4885 1364 4961 Quia
1385 4896 1518 4972 oportet
1550 4904 1684 4972 semper
1711 4875 1907 4968 praelucere
1937 4879 2030 4948 iilam
2048 4880 2172 4961 neem,

155 4979 245 5047 hanc
269 4976 548 5045 consolationem:
581 4977 788 5065 Quamquam
818 4980 915 5043 etiam
943 4977 986 5041 ad
999 4975 1139 5042 univer·
1191 4995 1257 5064 qua
1279 4972 1560 5060 apprehendimus
1580 4971 1707 5051 Deum,
1738 4980 1772 5034 et
1800 4969 2029 5035 remissionem
2050 4988 2172 5055 pecca·

157 5085 230 5142 sam
252 5063 438 5131 Ecclesiam
461 5067 618 5150 pertinet,
636 5077 747 5130 tamen
773 5061 858 5130 haec
879 5083 972 5150 pars,
999 5082 1085 5150 quae
1106 5063 1140 5126 in
1190 5073 1313 5137 meunt,
1334 5073 1473 5146 propter
1493 5055 1595 5125 filium
1616 5054 1694 5135 Dei,
1716 5052 1939 5143 utEvuguras
1957 5055 2052 5122 dicit:
2071 5050 2170 5120 Multi

158 5151 311 5216 docendo
345 5161 377 5214 et
416 5149 576 5216 discendo
609 5161 773 5235 occupata
796 5159 867 5229 est,
898 5150 1006 5238 magis
1041 5147 1141 5215 senti
1191 5167 1244 5213 ma
1265 5145 1559 5233 reprehenderunt.
2026 5184 2033 5188 -
