4620 5588
148 184 211 255 111
329 182 333 193 '
505 268 508 273 ,
793 178 909 249 ente.
930 176 1036 247 m.
1057 174 1533 246 semimortuos.
1933 185 1937 193 '
2048 175 2171 247 '112
2296 251 2299 255 ,

113 390 120 404 ·
235 370 453 460 Respondes.
496 369 622 437 Verum
655 382 725 445 ests
757 367 853 439 solus
885 367 982 438 Dens
1014 381 1068 438 est
1100 369 1134 435 in
1184 367 1345 446 habitam,
1368 367 1466 433 iussit
1487 360 1568 434 enm'
1584 368 1764 453 suspendi3
1786 364 2024 459 etracteleclt,
2037 369 2171 457 quiaad

147 459 310 528 infinitum
321 459 527 537 misericors,
548 468 581 524 et
603 478 667 523 uos
689 456 771 531 nihil
791 455 933 544 perfecti
954 456 1135 532 habemus3
1186 456 1359 540 superiora
1381 450 1503 521 delicte
1530 455 1713 521 accedebat
1734 452 1934 540 petulantia,
1962 467 1996 521 et
2023 468 2171 523 contem·

148 547 210 614 sed
232 543 396 633 particula
428 546 513 612 siuet
543 565 611 610 non
639 543 806 632 significat
839 540 1073 630 aequalitatem
1100 543 1135 607 in
1185 552 1265 626 ptus
1285 540 1513 627 magistratus.
1568 539 1612 605 Et
1644 553 1697 608 est
1728 538 1851 630 alioqui
1883 542 1971 628 apud
2004 540 2171 610 iuriscon-

175 630 369 712 crlectione,
403 630 464 699 sed
498 631 667 719 significat
698 628 828 696 similes
862 650 1015 696 caussas.
1058 628 1135 695 Non
1187 625 1297 693 sultos
1319 647 1356 692 re
1416 648 1453 693 a:
1476 625 1574 707 Quod
1591 629 1714 695 molito
1733 633 1883 713 suppleat
1900 637 2051 696 cetrum.
2094 629 2172 695 Non

148 655 270 788 licitur
291 718 349 784 hic
370 718 413 784 de
431 719 592 806 gradibus
614 714 844 802 perfectionis,
865 716 928 782 scd
945 718 987 784 de
1003 716 1135 784 caussis
1187 709 1309 781 fuisset
1329 713 1339 778 i
1368 733 1387 779 e
1410 732 1611 799 suspensus,
1631 715 1661 780 si
1683 715 1835 782 modeste
1851 715 2055 801 deprecatus
2078 725 2173 783 esset

147 805 407 884 misericordiae,
431 824 518 891 quae
539 804 664 870 debent
685 822 764 869 esse
786 799 929 881 similes;
951 802 1135 890 qniaDeus
1187 797 1321 886 culpam
1352 799 1551 881 admissum,
1584 810 1618 866 et
1638 802 1849 887 promisisset
1877 821 1916 868 se
1937 801 2115 871 honestius
2137 811 2172 870 et

90 954 93 959 .
149 905 203 960 est
223 888 345 980 regula
367 891 548 997 virtutum
597 976 638 995 ..
712 977 721 996 .
763 976 773 995 θ
930 974 939 993 ⁸
1185 883 1376 992 diligentius
1397 896 1566 991 rectarum
1588 906 1713 953 mores.
2094 975 2104 995 .

146 976 381 1151 ...itit
404 971 1136 1130 it2t†⁰⁶t...⁸¹⁸.÷tt.⁸ati⁰ilite
1185 969 2173 1148 adstitit....titt.,.lt¹{.⁰l⁸t.it‘⁶t”ttz

147 1171 186 1219 er
210 1171 231 1217 a
252 1169 361 1237 genum
383 1147 561 1215 humanum
589 1144 741 1235 lapsum,
772 1147 835 1215 sed
861 1167 930 1214 non
952 1168 1035 1235 erga
1055 1145 1135 1212 Dia·
1184 1157 1276 1251 tatus
1299 1079 1557 1252 chirqgrapllum
1578 1143 1810 1233 Imperatoris,
1839 1147 1891 1214 his
1913 1158 2007 1215 terre
2027 1146 2172 1234 impera-

146 1171 266 1315 boloe
287 1237 364 1323 quia
381 1255 525 1302 caussae
540 1246 621 1302 sunt
642 1236 811 1314 diversae,
832 1252 920 1320 quae
941 1233 1137 1300 discernunt
1187 1243 1270 1300 tons
1302 1250 1437 1298 nomme
1469 1231 1654 1318 scripserat
1691 1233 1735 1299 ad
1766 1231 1923 1302 Iacobum
1949 1233 2173 1317 Fucchtrum,

146 1324 234 1392 inter
256 1319 498 1403 crudelitatem,
519 1320 799 1402 misericordiam,
830 1332 865 1388 et
885 1316 1135 1408 indulgentiam.
1186 1330 1221 1386 et
1241 1320 1316 1406 ipse
1335 1315 1452 1385 literas
1481 1316 1668 1400 obtulerat,
1701 1316 1879 1414 postulans
1911 1317 2037 1407 aliquot
2067 1319 2173 1410 millis

146 1407 260 1477 Debet
292 1408 393 1476 iudex
424 1405 565 1475 allicere
597 1406 763 1495 supplicio
797 1417 932 1486 sontes,
967 1407 1024 1493 qui
1055 1415 1136 1472 sunt
1185 1425 1364 1473 aureorum
1397 1415 1523 1472 mutuo.
1588 1403 1796 1487 Fuccharus,
1829 1427 1905 1474 cum
1932 1404 2039 1475 semel
2071 1417 2173 1494 atque

22 1512 39 1539 ‘
147 1494 373 1572 insanabilesr
405 1514 527 1562 rursus
559 1495 660 1560 debet
691 1494 844 1581 mitigare
864 1513 1026 1578 poenam,
1059 1511 1136 1580 pro·
1184 1492 1304 1558 iterum
1326 1491 1476 1558 dedisset
1496 1492 1694 1579 pecuniam,
1727 1496 1919 1579 suspicatus
1952 1504 2006 1560 est
2037 1495 2172 1560 tandem

42 1602 45 1609 ¹
147 1592 226 1670 pter
257 1582 419 1647 rationem
452 1577 671 1666 probabilem.
697 1642 708 1660 ,
737 1582 771 1647 Si
811 1591 913 1647 nocet
946 1578 1046 1647 alicui
1077 1589 1136 1646 aut
1185 1575 1309 1666 aliqrdd
1330 1575 1458 1645 itandis
1492 1578 1667 1645 subesse.
1706 1577 1808 1645 Venit
1837 1580 1848 1645 i
1874 1580 1940 1648 'tur
1959 1579 2005 1648 ad
2026 1578 2174 1665 impera·

146 1668 257 1756 perdit
277 1687 353 1735 eum
374 1667 448 1734 siue
469 1667 557 1733 iusta
572 1686 709 1746 mussa,
731 1676 782 1733 est
800 1662 958 1734 crudelis.
981 1665 1020 1732 Si
1039 1685 1134 1753 pror·
1186 1672 1312 1744 torem,
1349 1675 1382 1730 et
1415 1661 1674 1753 chirographum
1711 1666 1742 1732 ei
1774 1662 1851 1733 exhi
1874 1667 1940 1747 uit,
1975 1667 2066 1754 qnod
2096 1688 2173 1746 cum

147 1772 209 1822 sus
230 1775 299 1821 non
321 1755 415 1839 punit
437 1750 635 1834 sceleratos,
655 1763 775 1840 peccat
796 1752 1014 1840 indulgentia.
1185 1751 1326 1818 vidisset
1347 1749 1549 1836 imperator:
1581 1754 1689 1857 liare,
1720 1751 1843 1839 inquit,
1874 1762 1965 1820 certe
1984 1762 2038 1820 ert
2055 1773 2173 1821 manus

1185 2028 1329 2078 macac
1442 2032 1465 2077 u
1777 2030 1817 2079 or
1986 2033 2019 2078 ur
2141 2031 2172 2079 e

239 2119 351 2224 a...
383 2121 606 2235 a...
643 2119 699 2204 ω
735 2135 1041 2232 argumentum
1185 2095 1654 2180 a..
1685 2096 2045 2184 u
2059 2096 2241 2272 ee

317 2304 960 2493 mmmm
1184 2267 1755 2441 tetidemtttttith,
1778 2269 2174 2441 bitem

316 2512 406 2594 erpo
426 2517 479 2578 ert
505 2517 541 2578 ta
561 2528 602 2578 ec
623 2499 895 2598 prosopotepsto?
1185 2443 1997 2614 rmfflrrqiqqqcffltqnlmoqafflm
2012 2472 2172 2614 mea,

1184 2621 1238 2682 est
1255 2632 1407 2695 mapsam
1428 2614 1553 2682 tonum
1597 2612 1774 2701 Sapientes
1796 2616 1959 2683 visisunt
1980 2615 2172 2683 misericor·

144 2697 232 2775 Quis
254 2717 322 2764 non
344 2698 521 2765 miseretur
552 2695 700 2779 Diaboli,
733 2698 797 2765 sed
828 2698 936 2784 perdit
963 2719 1040 2766 eum
1061 2701 1136 2768 elne
1186 2701 1260 2780 des,
1281 2699 1358 2787 qula
1380 2700 1505 2781 vident,
1527 2700 1652 2767 ubisit
1676 2701 1891 2786 parcendum.
1942 2699 2087 2770 Cnrolm
2109 2701 2173 2769 lm·

144 2784 362 2853 remissiones
384 2794 419 2849 et
439 2794 550 2850 tamen
570 2782 741 2851 hominum
763 2784 952 2851 miseretur.
1185 2796 1333 2871 perator,
1354 2787 1485 2853 etiamsi
1506 2806 1590 2854 usus
1613 2798 1665 2853 est
1685 2790 1866 2855 severitate
1886 2788 2054 2856 adversus
2075 2787 2172 2855 Prin·

231 2869 435 2957 Respondes
467 2869 513 2936 ad
543 2867 734 2936 Minoremr
765 2873 895 2938 Dwdoli
926 2880 960 2938 et
988 2873 1136 2939 dominer
1185 2871 1278 2958 cipes
1301 2870 1519 2950 Germaniee;
1542 2883 1652 2940 tamen
1672 2874 1865 2941 moderatus
1888 2886 1942 2942 est
1961 2874 2056 2942 iram
2089 2874 2173 2943 Scio

146 2976 213 3026 sca
233 2966 313 3024 rant
330 2959 493 3062 aequare.
536 2954 720 3064 Peccatum
740 2955 878 3064 Diaboli
906 2967 959 3023 est
979 2953 1136 3064 blasphe·
1185 2957 1219 3024 ln
1253 2959 1375 3024 castris
1407 2957 1471 3046 ipsi
1504 2979 1584 3026 esse
1597 2980 1768 3066 erasum,
1799 2971 1837 3028 nt
1868 2961 1996 3028 iuberet
2029 2959 2173 3068 interfici

143 3043 257 3197 lii..
279 3040 1136 3198 detin⁹tffitl⁸tttm⁰lttt
1185 3042 2174 3220 dittitl‘tttdtd‘htteilliniti

143 3215 211 3280 siut
232 3151 424 3293 dsstmlm,
446 3216 620 3302 exequitur
640 3214 736 3282 Deus
758 3216 973 3285 severissime
992 3237 1137 3304 poenam
1185 3228 1280 3286 textu
1301 3228 1369 3285 est:
1391 3223 1496 3288 Nolite
1516 3223 1672 3288 ardeam
1711 3218 1806 3287 ltem:
1826 3219 1933 3289 Nolite
1942 3225 2171 3291 medemnas.

143 3301 311 3369 adsersus
344 3299 550 3383 Diabolum,
593 3313 627 3369 et
665 3303 775 3389 parcit
814 3305 933 3392 generi
976 3303 1136 3386 humano,

143 3388 342 3472 praesertim
370 3385 456 3454 Filio
483 3385 548 3454 Del
580 3389 806 3456 intercedente
837 3410 900 3478 pro
933 3384 1135 3471 hominibus,

144 3485 179 3541 et
200 3474 374 3542 derivante
395 3474 430 3539 in
452 3493 492 3539 se
512 3475 606 3541 iram

230 3559 357 3626 Eadem
380 3571 433 3626 est
455 3562 698 3668 responsio-sl
720 3564 797 3648 quis
819 3561 971 3629 obiiciatz

283 3685 388 3748 Virtus
409 3684 503 3748 «teter
521 3701 596 3749 esse
616 3684 671 3749 mr·
688 3687 821 3750 ebullis:
1184 3600 1258 3687 Ad
1296 3603 1408 3714 quod
1452 3615 1716 3717 Praeceptum
1754 3604 1950 3719 Decalogi
1994 3605 2173 3719 pertinet

273 3772 344 3836 Noa
366 3774 466 3850 tpttsr
497 3771 634 3835 eadelm
662 3788 736 3836 esre
755 3767 851 3836 Deus
881 3777 936 3836 rut
965 3769 1135 3836 metuitis
1484 3759 1564 3843 hoc
1593 3759 1870 3846 mandatum?

316 3855 354 3920 ia
374 3854 714 3926 atterendolttatoto,
736 3864 772 3922 et
789 3856 977 3939 recipiendo
997 3856 1133 3923 tantae.
1402 3882 1427 3939 e

232 3988 447 4139 Respondeo.
492 3988 647 4059 caussae
669 3988 797 4057 iaciunt
825 3988 1132 4059 dissimilitudinem.
1268 3954 1419 4025 P⁰¹fi¹¹⁰¹
1441 3942 1500 4024 ’δᾶ
1534 3969 1773 4045 Psafflel‘tum‘
1817 3964 1889 4029 ΝΜ
1927 3962 2017 4029 Μ*
2046 3965 2171 4045 sm

69 4112 72 4117 ·
143 4073 280 4144 Diaboli
317 4089 438 4143 uemnt
465 4075 651 4165 blasphemi
679 4080 722 4145 ab
744 4078 849 4144 initio.
902 4077 1012 4143 Homo
1035 4077 1133 4144 dece·
1184 4046 1409 4112 mmm·
1455 4043 1669 4133 sedulium&

143 4172 222 4250 ptus
245 4183 266 4228 a
286 4159 452 4243 Diabolo,
486 4161 616 4250 lapsus¹
630 4176 702 4246 est,
735 4174 770 4230 et
791 4160 895 4239 Filius
923 4163 988 4229 Dei
1015 4165 1132 4249 depre·
1316 4164 1466 4233 Linum
1482 4167 1635 4251 promet
1655 4167 1710 4234 pi,
1729 4167 1865 4234 pum,

144 4258 241 4316 catus
274 4260 328 4313 est
361 4270 421 4333 pro
456 4270 581 4336 genere
609 4248 772 4330 humano,
805 4262 841 4317 et
875 4247 995 4317 obtulit
1028 4250 1132 4317 seed
1231 4274 1236 4283 ·
1311 4271 1400 4353 3790
1435 4271 1572 4337 damnas
1600 4270 1726 4338 iudicer
1756 4279 1793 4338 et
1826 4275 2055 4356 suaptrtrotus,
2087 4277 2170 4340 tclltt
2241 4346 2244 4351 ,

142 4330 420 4403 satisfaciendum
440 4338 512 4402 irae
532 4335 607 4402 Dei.
659 4337 717 4405 Sic
738 4335 903 4423 Princeps
930 4336 1031 4404 debet
1052 4355 1132 4404 esse
1352 4391 1479 4457 poem
1499 4376 1657 4441 malm
1699 4375 1808 4441 “bom
1825 4373 2040 4442 mmmm
2061 4378 2167 4442 Em

142 4422 336 4489 misericors
366 4420 530 4507 probabili
557 4424 695 4490 retione.
752 4421 878 4489 Contra
912 4423 1013 4491 debet
1043 4425 1131 4576 riffi
1655 4425 1666 4457 ²

143 4527 213 4575 rem
246 4509 389 4576 institiae
422 4528 600 4591 exercere,
643 4531 720 4578 eum
751 4530 820 4577 non
853 4521 907 4576 est
944 4512 1074 4597 probab
1349 4480 1446 4560 Velut
1486 4484 1519 4543 ⁶⁶
1556 4482 1591 4543 ¹²⁸
1622 4479 1689 4545 Μ
1717 4483 1850 4605 m
1883 4484 2050 4564 praem
2085 4481 2167 4546 ‘'m‘'

143 4614 266 4663 eenssa
287 4594 511 4684 mitigationis.
1351 4569 1516 4656 Wlontt‘l
1576 4646 1581 4658 .

230 4682 365 4768 Lipsiae
398 4694 470 4748 erat
502 4678 722 4763 adolescens,
754 4682 811 4768 qni
846 4679 956 4748 fuerat
987 4678 1127 4749 iuratus.

143 4767 176 4832 ls
198 4771 311 4834 stabat
332 4770 366 4834 in
388 4769 523 4848 iudicio,
544 4778 580 4835 et
600 4769 732 4835 ridebat
752 4768 895 4835 iudicem
919 4790 996 4841 cum
1015 4788 1129 4836 asses·
1264 4767 1342 4834 Non
1363 4767 1519 4856 prohibet
1531 4767 1686 4837 Christus
1707 4769 1828 4838 iudicia
1855 4770 2008 4837 ordinata
2029 4791 2050 4836 a
2072 4769 2163 4838 Deo:

142 4854 290 4920 sonibus.
353 4856 586 4930 Quaerebatur
617 4875 660 4922 ex
693 4875 753 4935 eo,
793 4858 844 4922 Au
875 4875 940 4922 non
971 4865 1131 4922 maneret
1178 4854 1241 4921 sed
1266 4853 1422 4942 prohibet
1454 4857 1642 4923 inordinata
1674 4858 1805 4924 iudicia.
1860 4855 1979 4922 Omnia
2012 4859 2165 4924 ordinata

141 4946 229 5008 auce
248 4941 352 5008 moe?
405 4941 659 5029 Respondebat:
696 4944 804 5021 Quare
823 4947 1022 5009 metuerem?
1054 4962 1128 5009 cum
1177 4942 1299 5009 iudicis
1331 4953 1410 5010 sunt
1441 4943 1562 5011 iudicia
1594 4942 1679 5024 Dei,
1718 4944 1793 5010 ideo
1833 4945 1918 5010 haec
1949 4963 2019 5010 non
2051 4945 2164 5032 prohi-

142 5033 261 5107 sctom,
298 5031 385 5112 quod
418 5049 485 5096 neu
522 5028 668 5097 audeant
703 5047 754 5095 me
791 5032 950 5114 mppttcr'o
980 5031 1126 5112 officere,
1176 5029 1308 5096 hentur.

139 5124 278 5199 propter
299 5118 559 5184 adelescentiam.
611 5114 717 5182 ludex
750 5126 829 5202 post
855 5114 1127 5183 deliberationem
