4620 5588
160 164 224 236 raa
328 194 333 203 ·
574 140 585 161 ’
851 116 1636 237 mesammones
1998 244 2001 249 ,
2111 170 2203 241 ut.-

157 351 237 426 ttae
258 355 401 424 nomm
429 354 674 442 Respublleaa,
706 357 841 442 quando
869 367 923 423 est
951 342 1143 425 consensus
1192 353 1428 445 intelliguntur:
1451 355 1688 423 Grammatice.¹
1735 353 1932 444 Magnitudo
1964 366 2075 426 rerem
2104 382 2176 429 uon
2190 390 2206 421 ;.

157 448 192 513 in
212 447 317 511 rebus
338 444 453 525 bonis,
472 456 513 511 ut
535 441 634 509 Plato
655 444 777 530 inquit:
811 442 898 525 ἡμῶν
920 442 952 509 a
976 443 1072 525 ἡτῶν
1090 439 1144 508 ra'-
1193 443 1397 531 intelligitur.
1458 441 1553 509 Deus
1581 454 1717 530 propter
1742 446 1931 511 raritatem
1960 465 2072 528 suam,
2105 468 2173 515 non

156 557 224 616 μων
246 530 397 606 ὑπόθεσις
417 536 448 594 ἐν
467 534 561 595 ταῦτα
574 534 714 616 βλέπειν,
745 526 833 604 ὅπως
866 533 981 623 iconas
1002 535 1030 595 ot
1057 536 1143 595 πολι·-
1192 544 1329 618 prepter
1350 542 1468 596 nostra
1489 530 1608 595 merita
1629 528 1784 597 liberabit
1800 531 1865 621 iam
1886 529 2045 616 pupulum
2067 533 2173 601 israel
2201 588 2205 593 .

156 644 207 685 ras
226 609 358 700 μάλιστα
374 617 501 704 ἀγαθοὶ,
523 621 574 693 nai
590 615 731 697 ἀλλὴλρις
747 616 840 701 φίλοι.
865 616 958 684 itate
975 620 1074 703 tegam
1085 637 1142 683 no·
1194 628 1394 705 apeccato,
1420 638 1440 682 a
1462 626 1569 683 morte
1597 629 1753 697 aeterna,
1780 638 1803 683 a
1824 620 1997 703 tyrannide
2026 617 2175 705 Diaboli,

156 714 302 774 stratam
324 712 390 784 est,
421 713 459 769 at
485 705 572 771 cicae
598 706 663 770 aiat
684 702 826 784 bonesti,
857 712 889 768 et
909 707 975 771 aiat
1000 708 1086 770 inter·
1107 722 1144 769 se
1193 705 1343 770 destruet
1379 701 1472 770 illurn
1510 715 1632 770 statum
1667 705 1800 790 generis
1834 706 1965 771 hannani
1987 705 2175 790 confusum,

157 792 345 858 concordes.
389 791 463 856 Non
487 802 598 877 potest
619 790 705 857 enim
730 810 808 856 esee
829 791 982 857 diuturna
1003 810 1142 857 concor·
1192 788 1326 875 plenum
1348 802 1575 876 peccatorum,
1597 789 1797 877 glorificabit
1816 789 2017 872 Ecclesiam,
2038 795 2177 861 donabit

159 880 226 958 dia,
242 879 300 943 ubi
314 898 382 943 non
397 888 451 943 est
467 879 603 945 iustitia.
631 876 674 941 Et
688 879 744 943 nbi
759 877 989 945 estdiscerdia
1002 896 1142 944 necesse
1193 879 1307 965 generi
1328 876 1472 943 humano
1495 879 1596 943 vitam
1615 888 1796 956 aeternam,
1819 879 1922 944 misso
1940 877 2096 958 Domino,
2118 882 2175 969 qui

159 977 209 1033 est
232 963 373 1030 aiteram
400 976 528 1050 partem
558 983 635 1029 ease
663 965 827 1031 iniustam.
872 963 1057 1030 Romanum
1084 967 1141 1029 im·
1193 967 1291 1031 debet
1314 984 1391 1030 esse
1413 965 1653 1051 primogenitus
1675 984 1716 1028 ex
1738 961 1824 1044 illis,
1853 966 1907 1051 qui
1931 968 2175 1034 resuscitantur

158 1055 285 1138 perium
307 1050 420 1116 iloruit
448 1063 599 1137 tempore
619 1050 765 1138 Augusti
792 1063 868 1136 post
889 1053 1014 1118 victum
1036 1050 1142 1117 Anto·
1192 1072 1233 1116 ex
1265 1064 1381 1115 morte.
1426 1049 1517 1116 Dicit
1543 1052 1644 1115 istum
1672 1048 1851 1116 Dominum
1878 1072 1955 1118 esse
1988 1072 2080 1126 eunt,
2114 1074 2176 1139 per

157 1141 265 1215 nium3
297 1140 376 1222 quia
397 1151 476 1205 tuno
497 1138 560 1203 tutt
582 1134 665 1218 tale,
700 1149 735 1201 ut
758 1150 848 1202 esset
870 1157 1015 1205 concors
1037 1149 1072 1203 at
1091 1138 1141 1201 in·
1193 1158 1290 1223 quem
1308 1136 1471 1202 habemus
1495 1138 1724 1202 remissionem
1743 1150 1968 1223 peccatorum,
1990 1152 2022 1204 et
2038 1152 2176 1227 propter

159 1236 248 1290 stum
275 1225 319 1289 im
344 1227 459 1289 crium.
503 1225 561 1290 Sic
588 1236 661 1289 orat
690 1223 843 1290 Christus
872 1224 972 1289 etiam
995 1244 1057 1309 pro
1079 1222 1141 1287 Ee·
1165 1246 1170 1335 p
1192 1245 1291 1311 quem
1314 1221 1558 1289 sanctificamur
1579 1223 1623 1288 ad
1646 1225 1744 1289 vitam
1768 1236 1946 1315 aeternam.

159 1308 212 1377 ele
226 1310 281 1374 ia:
335 1319 425 1390 ater,
449 1307 511 1393 lac
530 1319 567 1375 at
588 1330 682 1374 unam
705 1312 770 1375 rim
791 1312 826 1375 itt
846 1311 956 1375 nobiae
983 1312 1083 1396 petit,
1105 1326 1141 1375 ut
1278 1308 1346 1376 lsta
1374 1310 1482 1376 omnia
1510 1308 1761 1395 comprehendit
1788 1312 1835 1375 in·
1850 1313 1955 1377 verbo
1987 1308 2174 1397 ἀντελάβετο,

158 1395 406 1462 sanctificemur
432 1400 465 1462 in
492 1399 617 1477 verbo,
644 1408 677 1462 et
709 1406 745 1462 ut
768 1399 952 1463 consociati
975 1399 1080 1462 simus
1107 1397 1140 1460 in
1165 1362 1170 1515 J
1193 1397 1317 1475 erexit,
1338 1393 1477 1475 liberat,
1510 1407 1640 1462 recreat
1676 1394 1833 1482 populum
1856 1419 1962 1464 suum.
2009 1397 2175 1485 Loquitur
2229 1472 2232 1477 ,
2269 1422 2271 1427 ·

158 1483 242 1549 lieo.
267 1481 317 1548 lte
338 1482 394 1547 hic
415 1485 534 1549 videtis
557 1502 635 1548 esse
652 1484 931 1549 consociationem
945 1482 1141 1561 Zachariae,
1165 1520 1169 1539 ι
1193 1486 1236 1549 de
1264 1492 1333 1547 tota
1360 1480 1527 1547 Ecclesia.
1571 1483 1644 1549 Nos
1672 1503 1789 1549 onrnes
1816 1503 1933 1550 sumus
1953 1485 1987 1549 in
2015 1486 2096 1550 serti
2127 1484 2175 1553 illi

156 1569 296 1649 iilariae,
319 1567 506 1649 Elisabeth,
529 1569 694 1636 Simeonis
716 1581 749 1634 et
770 1567 924 1649 aliorum,
970 1570 1067 1637 uibus
1089 1579 1142 1635 est
1191 1567 1379 1650 Ecclesiae,
1401 1565 1447 1634 lili
1471 1566 1576 1635 oleae.
1610 1568 1658 1634 lta
1680 1572 1750 1655 agit
1770 1570 1896 1657 gratias
1918 1591 1980 1655 pro
2001 1570 2174 1655 beneficio,

155 1652 361 1742 patefactum
384 1655 450 1723 hoe
472 1655 669 1723 miraculum
687 1657 842 1740 concepti
864 1652 922 1721 lilii
946 1592 1022 1722 bot.
1192 1667 1226 1723 et
1242 1654 1345 1722 ¹simul
1366 1666 1535 1741 precatur,
1558 1668 1595 1721 ut.
1614 1655 1649 1721 ld
1671 1656 1868 1722 beneficium
1891 1654 2107 1742 compleatur.

243 1740 306 1807 Est
332 1754 441 1808 autern
470 1741 534 1809 hoe
566 1745 702 1828 primam
726 1739 902 1809 concilium
923 1742 1004 1810 novi
1025 1741 1171 1831 Testa,
1226 1772 1234 1781 ·
1278 1741 1332 1808 Ad
1363 1743 1452 1829 quod
1481 1762 1590 1829 genus
1617 1762 1819 1810 caussarum
1841 1744 1985 1827 pertinet
2013 1743 2080 1811 hoc
2102 1766 2175 1811 car·

128 1828 269 1907 'menti
291 1831 325 1894 in
347 1850 414 1914 quo
439 1830 607 1895 decretum
630 1830 696 1895 hoc
713 1826 959 1916 promulgatum
981 1830 1069 1915 quod
1092 1828 1142 1893 Fi·
1165 1836 1169 1871 ¹
1192 1828 1290 1894 meni
1311 1829 1376 1893 ·Ad
1408 1827 1724 1895 Demonstratieum.
1773 1828 1837 1894 Est
1862 1830 2043 1917 gratiarum
2074 1833 2175 1898 aetio.
2190 1853 2206 1889 n

155 1917 221 1982 &aa
241 1915 309 1980 Dei
329 1924 503 2000 cotaeeptua
523 1922 576 1981 sti.
1165 1876 1171 2025 i
1193 1914 1280 1989 Quid
1309 1916 1346 1979 iit
1368 1917 1402 1979 in
1424 1913 1489 1981 hac
1511 1919 1689 2002 gratiarum
1711 1917 1866 1983 actione‘i
1898 1916 2093 1983 Recitantur
2120 1920 2181 1984 be·

242 2002 430 2067 Faciuntne
452 2001 592 2069 concilia
615 2022 723 2067 novos
745 1999 904 2068 articulos
926 2000 1026 2070 fideii
1047 2000 1141 2067 Nan:
1166 2036 1170 2059 ·
1192 2000 1310 2069 nellcia
1327 2000 1404 2081 Dei,
1450 2003 1557 2068 rivata
1578 2015 1610 2069 et
1633 1999 1777 2088 publica.
1813 2002 1898 2076 Quid
1916 2014 1969 2069 cst
1984 2004 2175 2088 gratitudo‘i
2201 2028 2205 2055 τ

156 2087 217 2155 sed
249 2089 470 2154 testificantur
491 2090 534 2154 de
555 2086 704 2155 articulis
727 2087 804 2154 iidei
821 2090 885 2154 iam
905 2101 986 2154 ante
1001 2088 1141 2153 traditis.
1165 2062 1169 2137 i
1191 2087 1254 2154 Est
1286 2024 1542 2174 compreKensio
1576 2091 1715 2155 duarum
1753 2090 1910 2155 vinetum
1949 2089 2206 2177 principalitar·

156 2175 226 2241 Sed
247 2195 316 2240 non
338 2194 520 2260 possumus
543 2196 631 2241 nunc
653 2176 696 2241 de
714 2178 766 2240 sin
816 2174 859 2239 lie
875 2177 1027 2260 partibus
1043 2174 1142 2241 buius
1193 2188 1406 2262 (quamquam
1435 2193 1569 2259 semper
1594 2172 1719 2243 multae
1750 2177 1891 2243 virtutes
1921 2197 2002 2242 cunr·
2022 2197 2089 2242 una
2118 2196 2175 2244 co·
2199 2180 2205 2235 ἓ

155 2259 316 2327 historiae
333 2262 455 2327 dicere.
479 2259 619 2328 Debetis
641 2275 750 2327 autem
781 2274 835 2327 eta
853 2262 1078 2341 considerare,
1100 2261 1142 2328 de
1216 2259 1326 2327 alatae
1339 2267 1448 2337 'sonti
1478 2263 1627 2328 veritatis
1650 2273 1684 2327 et
1705 2262 1861 2328 iustitiae.
1905 2261 2040 2328 Veritas
2061 2264 2175 2331 tribua
2197 2296 2203 2323 ›

156 2348 279 2436 quibus
294 2347 375 2426 dixi,
398 2361 432 2413 et
449 2347 523 2414 Deo
540 2368 643 2434 agere
656 2350 794 2434 gratias,
818 2360 852 2413 et
864 2359 990 2432 petere,
1012 2359 1048 2414 ut
1064 2366 1142 2412 con·
1164 2318 1169 2449 i
1191 2283 1388 2413 beneficium
1409 2344 1469 2427 iili,
1490 2349 1586 2415 cuiue
1609 2360 1676 2414 est:
1698 2348 1844 2429 lustitia,
1875 2346 2004 2436 obliget
2026 2350 2204 2416 vtotsstn--=
2262 2395 2266 2401 -

157 2446 273 2501 serrat
307 2431 514 2513 Ecclesiam,
548 2437 636 2500 sicut
668 2445 749 2500 tunc
781 2437 1016 2501 conservabat.
1060 2431 1143 2497 Erat
1163 2452 1169 2485 ¹
1191 2444 1227 2501 te
1242 2434 1285 2498 ad
1303 2430 1414 2521 aliqua
1431 2432 1556 2500 cilicias
1579 2447 1626 2517 tu,
1645 2436 1675 2499 si
1730 2446 1807 2501 atus
1823 2455 1861 2501 es
1878 2436 2088 2523 praeceptori
2105 2436 2205 2518 tuo,..T

156 2519 374 2607 animalique
396 2518 549 2587 Ecclesia
574 2540 670 2587 verat
703 2519 915 2587 sacrificabat
943 2520 1142 2598 Zachariam
1191 2521 1394 2606 narras-ipsi
1417 2521 1543 2599 deberi,
1565 2522 1668 2606 quod.
1710 2521 1802 2606 iquid
1819 2520 2040 2609 didiceris-‘te
2058 2518 2106 2594 iili
2123 2526 2203 2590 rte-32

156 2606 292 2673 Simeon
315 2607 471 2673 docebat:
504 2604 698 2692 Elisabeth,
725 2605 833 2672 illaria
856 2608 953 2674 etiam
974 2607 1158 2673 docebant·
1191 2602 1280 2673 serre
1291 2617 1480 2693 accepturos
1500 2609 1675 2693 promittis,
1687 2608 1778 2693 quod
1790 2604 1875 2673 reiis
1885 2605 2012 2674 releric
2024 2609 2204 2695 gratiam..:.

156 2713 220 2760 suo
241 2690 320 2760 loco
344 2705 378 2760 et
399 2695 532 2759 ordine:
566 2692 670 2759 Erant
691 2694 856 2765 etiamad
886 2690 1043 2777 templum
1071 2713 1141 2759 ma·
1259 2690 1431 2760 ”Pertinet
1471 2694 1572 2781 igitur
1608 2691 1695 2759 baec
1732 2695 1881 2761 narratio
1912 2694 1964 2761 ad·
1986 2696 2206 2763 veritatem.=‘'

156 2793 274 2848 trouae
297 2776 398 2862 aliae,
433 2782 712 2856 conservatrices,
745 2791 776 2849 et
796 2781 1048 2867 propagatrices
1082 2781 1141 2846 do·
1163 2826 1168 2890 1
1191 2777 1287 2845 Deus
1315 2782 1392 2848 ideo
1415 2781 1555 2847 anobis
1577 2781 1715 2867 requirit
1737 2778 2204 2868 gatttuatnen,>·qutsmn

157 2869 298 2934 cuinae:
319 2865 399 2933 illae
418 2867 453 2933 in
473 2864 597 2952 templo
620 2887 683 2935 suo
706 2865 783 2934 loco
803 2879 987 2948 steterunt,
1000 2879 1038 2933 ut
1056 2864 1139 2933 alias
1166 2908 1168 2915 ·
1192 2867 1290 2954 quirit
1315 2867 1502 2935 veritatem:
1537 2866 1691 2935 videlicet
1719 2879 1756 2934 ut
1782 2866 1965 2948 fateamur,
1997 2866 2088 2955 quoti
2109 2866 2204 2937 ricta

155 2955 296 3022 anobis
318 2954 440 3022 dictum
462 2964 516 3022 eet
536 2954 578 3020 de
595 2954 726 3035 Henna,
749 2975 836 3043 quae
852 2956 1042 3022 nominetur
1058 2958 1140 3021 Pro·
1191 2970 1252 3105 per
1272 2951 1391 3049 Filium
1419 2954 1612 3035 redemerit,
1631 2974 1710 3020 ¹non
1737 2966 1877 3041 propter
1903 2966 2020 3021 nostra
2046 2955 2204 3049 meritc-t

155 3041 312 3128 pletr’saa.
1222 3038 1275 3105 ult
1288 3060 1359 3107 nos
1380 3036 1489 3119 lateri,
1511 3041 1632 3126 quodi
1675 3043 1729 3107 lua
1751 3042 1898 3107 bonitate
1918 3043 2024 3108 simus
2046 3038 2204 3119 incolo-i

242 3127 404 3194 Dicemus
419 3147 509 3194 nunc
526 3128 569 3194 de
586 3126 819 3193 Grammaticis
835 3128 1038 3214 quibasdam
1051 3144 1141 3192 com·
1191 3147 1282 3206 mes,
1305 3128 1396 3212 quod
1418 3138 1550 3193 maneat
1572 3125 1642 3193 Ecc
1656 3130 1738 3207 esia,
1761 3148 1829 3195 non
1851 3128 2019 3214 praesidio
2042 3139 2204 3197 nostro-e·

31 3234 42 3253 ·
157 3212 459 3283 monelaotionibue
482 3216 516 3281 in
538 3213 678 3281 Cantica
700 3213 851 3281 Mariae·
1016 3266 1019 3271 .
1191 3211 1482 3293 rumvnobilium,
1501 3215 1607 3298 prinei
1631 3234 1704 3294 mn,
1736 3216 1951 3281 exercituum.
2002 3213 2039 3280 Sl
2064 3214 2174 3281 nostri

243 3301 428 3369 Gonetrue:
454 3300 605 3388 ›Suscepit
637 3301 753 3369 lmacl.
787 3300 999 3386 Respondeat
1043 3298 1139 3366 Deus
1191 3298 1324 3373 Domini
1347 3302 1380 3364 in
1402 3301 1554 3386 proximo
1576 3302 1617 3365 be
1644 3322 1666 3365 o
1688 3301 1865 3381 vicissent,
1893 3302 2049 3386 opinione
2070 3301 2202 3368 homi-:⁸

157 3390 354 3458 recordatus
387 3390 653 3467 misericordiae,
687 3390 834 3473 suscepit
864 3386 969 3454 lsrael
1001 3406 1139 3473 pueram
1163 3356 1168 3439 i
1191 3406 1287 3464 num,
1330 3384 1475 3453 finissent
1507 3399 1683 3453 savatoros
1716 3388 1843 3453 mundi:
1884 3385 1978 3454 Deus
2013 3386 2059 3455 ibi
2091 3386 2205 3454 nihil·-

158 3496 272 3543 suum:
294 3477 329 3541 id
351 3487 414 3554 est,
432 3476 630 3541 recordatus
653 3476 909 3560 promissionum
932 3494 1083 3550 suanam,
1105 3476 1138 3537 in
1163 3446 1167 3561 Ξ
1191 3469 1341 3538 fecisset:
1366 3475 1453 3539 sicut
1474 3471 1621 3557 da-Papa
1637 3474 1934 3559 Adrianoquidnnt
1952 3476 2204 3560 scripserantw

180 3563 276 3628 uibus
309 3562 590 3648 promissionibus
619 3574 671 3626 est
698 3559 867 3645 patefacta
901 3560 1137 3626 misericordia.
1163 3564 1167 3661 i
1194 3559 1378 3627 troadam
1416 3561 1581 3645 plantavit
1619 3562 1846 3641 (enotabantur
1883 3562 2025 3645 turpiter
2051 3560 2202 3653 iverbaflt

156 3583 390 3714 {amiciantur
421 3650 487 3715 ista
520 3645 702 3715 voeabula:
736 3648 813 3733 quia
835 3647 1064 3751 misericordia
1086 3656 1140 3709 est
1161 3676 1166 3693 ι
1191 3646 1398 3730 scripturae)
1416 3647 1596 3711 Locmriam
1617 3647 1741 3751 elymaei
1756 3648 1907 3725 (dacer
1924 3666 2050 3741 mazam
2069 3646 2205 3749 [boati

156 3732 388 3887 θεῖτ-ε
409 3756 690 3885 ,
969 3735 1145 3888 εῖτ
1158 3715 1169 3843 l
1191 3734 1480 3885 ’τῖτεεττ
1518 3732 1654 3884 tat
1674 3732 2204 3901 ...ww

240 3842 809 3886 na.osrcu=.
947 3838 956 3856 ·
1164 3879 1167 3883 ,
1412 3842 1430 3883 s
1581 3852 1584 3857 ·
1971 3842 2203 3882 ..·-··.

155 3841 263 3994 &narie
290 3914 452 3992 asparagi.
504 3907 551 3971 lta
574 3908 629 3972 hio
659 3903 898 3993 aequipollente
928 3904 1139 3971 Recordotos
1152 3924 1169 3957 ‘¹
1191 3842 1303 3972 gestat
1321 3838 1530 3984 Ecclesiarff,
1553 3918 1591 3969 ut
1613 3906 1765 3971 ostendat
1786 3926 1826 3970 se
1849 3927 1911 3970 sua
1927 3906 2079 3990 ¹potentia
2102 3923 2202 3971 aaran

156 3995 494 4146 pmssmrpp'supp,
517 3992 1022 4147 εειίιῃωέᾚωὶεῧήωπίἰῇῗο,
1039 3970 1168 4119 qaam-¹!
1191 4011 1390 4145 ppfflon
1414 3991 1486 4058 vult
1519 3990 1959 4165 noddrconfidffiumllm
1985 3992 2201 4164 pgpaaitliipst

180 4101 198 4145 a
269 4081 314 4145 cit
375 4081 434 4143 'ra
480 4098 515 4143 e:
566 4090 609 4144 tat
660 4105 669 4143 a
730 4086 809 4145 tter
850 4098 936 4145 ran:
993 4078 1148 4143 ittitiam·
1315 4081 1395 4144 ‘aas
1468 4081 1559 4143 'cort
1612 4079 1692 4142 ‘tio
1822 4098 1850 4142 e.
1925 4098 1970 4143 oc
2037 4094 2172 4145 turo-

156 4103 248 4233 illum
269 4165 497 4243 liberatorem,
520 4185 617 4251 quem
640 4167 788 4252 pronaisit
815 4166 980 4230 Abrahae.
1023 4136 1167 4241 tamti
1190 4178 1341 4232 serretez
1373 4099 1549 4230 firmado
1571 4175 1624 4229 est
1648 4166 1926 4231 vindemiarent.-
1947 4161 1994 4231 ilii
2019 4164 2202 4241 adamat-n

157 4270 254 4319 vocat
274 4249 454 4331 israelitas,
472 4253 504 4316 id
523 4264 586 4325 est,
609 4266 712 4318 totam
732 4249 933 4320 Ecclesiam
957 4250 1028 4315 tau
1049 4270 1142 4315 ome
1163 4230 1168 4279 ¹
1190 4270 1257 4332 um,
1270 4272 1302 4317 -a
1324 4251 1606 4337 qurotumm·
1621 4268 1683 4316 eat.
1756 4336 1760 4347 Ι
2020 4276 2023 4283 ·
2112 4336 2117 4343 ι
2142 4276 2202 4315 ...n

158 4343 267 4405 ciendo
288 4337 460 4404 Israeliten
468 4385 478 4417 ,
511 4341 621 4405 aciaco
646 4359 759 4404 armeta
786 4338 915 4415 namt,
948 4358 1083 4403 servum
1105 4350 1167 4417 et}
1223 4378 1229 4389 ·
1272 4339 1465 4403 ‘lluimserei
1482 4334 1921 4421 exemplumahlohabetisa
1955 4337 2062 4403 aava
2085 4336 2204 4404 mla-n

182 4425 317 4511 opulom
340 4444 448 4505 snum,
470 4427 502 4488 id
525 4438 595 4505 est,
622 4424 838 4491 Ecclesiam:
864 4424 950 4497 Quid
972 4422 1167 4521 signifieat}
1193 4427 1267 4490 brat
1289 4423 1482 4490 beneficium
1505 4422 1784 4489 beatianam
1805 4422 1949 4490 demtase
1976 4425 2020 4488 Μ
2090 4420 2203 4511 'fimat

157 4448 289 4576 lsrael?
318 4510 387 4662 Est¹
401 4513 486 4663 idelrp
511 4513 598 4597 quod
623 4512 793 4593 duuDei,
824 4513 890 4576 dux
903 4512 1062 4662 pillinus,
1084 4524 1166 4576 auti
1190 4514 1299 4663 patina
1316 4528 1413 4661 41ιήεὲπ
1412 4511 1614 4653 Dcrgieamt·
1632 4512 1709 4662 'fija
1735 4513 1807 4595 r'poe
1828 4506 1922 4661 gesti
1966 4511 2015 4577 iit·
2056 4512 2202 4662 atalante

157 4602 209 4663 rtr
244 4599 298 4662 cui
333 4599 413 4662 vlit
479 4620 567 4663 eunt.
622 4598 730 4663 Susce
754 4599 794 4669 it,
832 4617 871 4662 er
925 4607 961 4663 at
1051 4604 1165 4663 attett
1214 4601 1247 4662 itt
1335 4606 1346 4660 i
1415 4645 1423 4661 .
1472 4599 1533 4663 tic
1561 4610 1634 4662 caat
1683 4595 1813 4663 ittota
1865 4601 1991 4663 caesia
2017 4599 2057 4662 in·
2083 4618 2136 4663 om
2172 4616 2202 4651 m

159 4624 355 4771 Suscipio,
377 4682 571 4764 ᾰπιλῆπτως,
590 4621 757 4771 significapt
779 4688 831 4750 etit
851 4618 1139 4751 areaaffunde
1162 4658 1167 4811 1
1190 4616 1402 4750 satiatibur
1419 4683 1519 4750 atne.
1541 4685 1904 4770 cantabimmibpiritu,
1927 4704 1993 4749 non
2009 4682 2204 4769 impediar-1²

158 4772 278 4837 dicitur
306 4770 437 4837 littter?
475 4772 529 4836 Ab
558 4779 717 4848 erratica,
750 4781 864 4836 servat
884 4769 1042 4856 bissum,
1059 4788 1137 4837 -nan
1189 4792 1253 4836 nos
1270 4786 1361 4835 caro
1389 4782 1585 4837 aut·=ncsara
1616 4771 1798 4837 intimius.
1854 4768 2026 4863 illaaanit
2059 4764 2202 4867 stagni

158 4859 236 4923 sinit
268 4857 419 4937 interire,
453 4856 643 4962 ἀντελάβετο,
678 4858 726 4922 lir
753 4859 823 4923 aiis
850 4858 937 4942 ieciip
964 4856 1138 4924 macana
1188 4854 1260 4922 lari·
1274 4869 1377 4922 ntotu.¹
1419 4856 1508 4925 aem
1529 4859 1660 4923 divom
1683 4859 1771 4923 dosa
1793 4854 2022 4935 italicolesias,
2039 4857 2203 5000 etiarakp

157 4941 872 5097 tattaa’tttttttttint‘⁰
892 4957 1043 5024 ‘¹¹⁰¹'²⁰'''‘
1065 4946 1154 5055 “⁶⁷
1188 4940 2204 5127 lillibtiidlittiiai'niit'bbssltilss

243 5116 337 5183 llaec
353 5136 422 5182 non
440 5115 670 5205 intelligantur
682 5114 897 5205 'liteologiee,
917 5118 1137 5203 qnandonon
1189 5121 1288 5197 dona,
1311 5116 1832 5202 quant-*literemtasmmammen
1846 5114 2203 5183 amissibilium-tuo
