4620 5588
155 206 217 275 tii
844 202 1059 269 POS'l'lLLA
1083 203 1485 270 hlEliAN'l'llONlAbiA.
1514 222 1534 265 ἰ
2101 209 2166 279 174

153 400 298 465 tionibus
330 397 523 461 Scribarum
553 407 586 460 et
610 393 866 460 Pharisaeorum
888 395 984 461 istius
1006 406 1134 478 tempo·
1157 425 1160 436 =
1184 395 1379 471 mittuntur,
1423 415 1510 480 quae
1550 407 1628 459 sunt
1664 398 1843 462 atrociora.
1910 396 1982 464 Nos
2020 400 2167 467 sciamus
2306 462 2309 470 .

153 491 210 551 ris.
254 485 339 549 Nam
362 485 494 569 quando
518 479 785 561 venithristus,
808 483 918 546 omnia
939 477 1039 565 plene
1060 480 1133 547 iue-
1157 466 1159 506 ¹
1184 481 1295 545 omnia
1316 481 1471 545 mandata
1492 480 1557 545 Dei
1580 483 1833 561 esse'maxima,
1856 496 1889 549 et
1911 504 1990 549 esse
2012 506 2168 571 magnum

153 585 230 639 runt
258 572 485 648 tenebrarum,
518 570 604 634 sicut
634 580 750 632 nostra
779 579 900 647 aetate,
923 588 998 632 curn
1022 569 1133 652 coepit
1156 571 1160 677 p
1184 576 1370 650 peceatum,
1392 579 1571 632 extenuare
1592 569 1786 652 sapientiam
1801 565 1901 656 legis,
1919 573 2020 637 cuius
2039 574 2168 641 radium

152 658 349 724 instauratio
372 657 543 721 doctrinae
560 651 746 738 Evangelii,
769 656 866 719 etiam
887 651 1020 720 fuerunt
1042 667 1133 718 tene-
1155 692 1159 721 t
1185 651 1363 719 transfudit
1394 651 1488 718 lleus
1521 656 1553 718 in
1585 674 1668 735 nos,
1700 668 1738 721 ut
1772 677 1839 721 nou
1872 668 1999 725 tautum
2028 670 2167 725 externa

153 748 286 811 brarum
306 755 338 808 et
360 742 629 826 superstitionum
658 737 755 824 plenu
774 742 896 805 omnia.
941 738 1021 804 lllas
1043 752 1133 805 tene·
1155 759 1159 817 t
1184 742 1347 819 membra,
1370 741 1552 805 sedetiam
1575 761 1686 821 meus,
1716 739 1884 825 voluutas,
1906 765 1976 823 cor,
1999 756 2100 830 atque
2120 748 2168 813 ita

152 835 232 897 bras
265 833 419 895 iuventus
453 847 519 892 non
552 837 665 913 potest
696 845 815 897 nosse,
855 847 898 893 ue
929 827 1063 912 quidem
1090 847 1133 891 ex
1156 825 1158 852 ¹
1184 837 1254 890 tota
1270 837 1518 891 naturanostra
1535 840 1699 914 corrgruat
1715 850 1790 893 cum
1807 827 2066 897 voluntateDeir
2089 831 2166 899 Non

152 917 258 985 libris.
387 936 391 945 ·
1155 888 1309 987 {frustra
1338 914 1459 977 dictum
1482 924 1535 978 est
1557 936 1578 979 a
1599 914 1747 981 Ieremia.
1792 913 1861 981 Cor
1881 917 2015 982 hominm
2034 937 2166 1000 pernor-

240 1001 321 1069 Cum
343 1000 388 1065 Ι).
410 998 576 1064 Martinus
598 998 766 1064 Lutherus
787 997 947 1084 inciperet
968 1018 1006 1063 se
1031 1019 1130 1083 oppo-
1156 1004 1159 1061 i
1183 1018 1252 1063 sum
1275 1007 1305 1064 et
1328 1019 1552 1066 aerumnosum
1573 1008 1638 1066 ert:
1660 1011 1693 1065 et
1715 1002 1804 1087 quod
1822 1000 1948 1068 Paulus
1972 1005 2064 1069 dicit:
2087 1005 2165 1070 Sett-

153 1110 233 1157 uere
265 1089 424 1173 Papatui,
459 1106 579 1173 magno
614 1106 688 1150 cum
720 1080 884 1170 applausu
915 1095 1055 1168 accepta
1082 1095 1134 1158 est
1184 1105 1241 1151 sita
1263 1088 1375 1151 cornis
1396 1094 1444 1151 cst
1465 1088 1633 1152 inimicitia
1655 1089 1815 1153 edeam
1829 1088 1942 1156 Deera.
1975 1088 2050 1155 Non
2067 1092 2166 1176 igitur

154 1181 224 1244 eius
246 1176 412 1249 doctrinm
441 1174 519 1257 quia
545 1172 699 1236 saniores
721 1168 950 1256 intelligebant
971 1167 1049 1237 luce
1074 1171 1134 1234 do·
1155 1209 1159 1261 t
1184 1169 1260 1236 leve
1282 1170 1404 1238 malum
1426 1174 1612 1239 ducendum
1631 1185 1684 1239 est
1704 1170 1770 1238 boc
1793 1186 1913 1251 totum,
1943 1176 2033 1260 quod
2056 1178 2098 1242 de
2119 1177 2167 1242 in·

153 1264 280 1330 ctrinae
299 1256 473 1346 Evangelii
492 1259 644 1342 dissipari
667 1260 822 1323 tenebras
847 1256 1056 1341 superiorum
1077 1278 1133 1322 ae·
1156 1267 1160 1377 q
1183 1259 1361 1323 rarioribus
1390 1261 1537 1344 peccatis
1560 1258 1676 1327 haeret
1704 1262 1737 1326 iu
1764 1263 1862 1328 nobis
1884 1283 1927 1329 ex
1951 1264 2165 1347 corruptione

152 1363 265 1416 tatum.
310 1345 443 1434 Vulgus
467 1345 564 1410 etiam
594 1345 761 1431 gaudebat
792 1342 898 1408 laxari
920 1340 1056 1409 vincula
1077 1364 1133 1409 su·
1184 1355 1323 1411 natiuae
1345 1356 1491 1410 nostrae.

152 1435 415 1521 perstitiosarum
446 1429 576 1516 legum,
620 1431 740 1516 quibus
774 1430 999 1495 eonscientiae
1035 1392 1160 1553 antaei

152 1523 286 1589 nimium
318 1529 477 1606 gravatae
511 1514 653 1583 suerunt.
698 1513 778 1581 lllas
799 1515 894 1604 leges
916 1513 1134 1583 humanarum

153 1608 365 1677 traditionum
396 1624 464 1670 non
497 1605 604 1690 magis
636 1601 864 1688 intelligebant
900 1603 997 1668 etiam
1031 1562 1160 1695 ductii
1436 1645 1444 1662 .
1528 1645 1536 1663 .
1598 1645 1607 1662 .

153 1716 252 1782 quam
272 1695 381 1779 ipsam
403 1689 514 1777 legem
538 1691 692 1756 divinam.
1156 1702 1160 1740 2
1366 1644 1477 1747 Qffld
1506 1644 1707 1756 sugmficat
1734 1657 1860 1722 wilm
1880 1655 2000 1741 iiim?

239 1778 313 1867 Ego
345 1780 419 1861 ipse
451 1777 517 1842 vidi
537 1773 732 1855 Lutherum,
765 1796 841 1841 cum
872 1786 1009 1924 propter
1028 1767 1160 1840 unmal

153 1867 320 1934 scribendi
343 1879 374 1929 et
395 1861 526 1950 legendi
548 1882 616 1927 nou
638 1875 754 1945 posset
770 1861 918 1948 quotidie
953 1881 1057 1949 egere
1074 1858 1159 1949 huj
1271 1860 1496 1928 Grammatico
1528 1858 1705 1948 explicatio
1765 1862 1907 1929 hraseos
1940 1865 2080 1949 primum
2113 1874 2167 1932 est

152 1974 210 2022 ras
230 1953 432 2029 Canonicas,
465 1949 599 2015 differre
619 1948 706 2013 banc
730 1968 862 2033 operam
880 1952 915 2013 in
938 1948 1025 2013 diem
1050 1947 1132 2012 Sub·
1182 1948 1239 2013 hic
1259 1949 1413 2014 tenenda.
1457 1947 1669 2035 Respondeo.
1704 1884 1847 2016 Solvere
1878 1949 1989 2017 leem
2021 1970 2091 2017 uon
2112 1959 2167 2019 ast

152 2039 255 2119 bethi,
264 2058 329 2126 quo
342 2033 763 2102 vacabatalectionibnset
771 2034 1001 2114 concionibus,
1014 2054 1055 2098 ac
1065 2046 1133 2099 tum
1183 2032 1377 2120 simpliciter
1392 2033 1519 2101 violare
1540 2035 1668 2123 legem:
1688 2032 1798 2102 David
1815 1973 1950 2122 quanrio
1967 2036 2165 2105 moechatus

152 2128 276 2212 septies
289 2125 472 2208 repetebat,
493 2133 527 2188 et
549 2121 765 2187 continuabat
784 2118 961 2186 lectionem
974 2119 1131 2185 horarum
1184 2133 1344 2201 est,·uon
1373 2119 1475 2188 solvit
1492 2121 1616 2211 legem,
1643 2123 1772 2188 etiamsi
1796 2120 1875 2188 feeit
1901 2135 2018 2189 contra
2039 2122 2164 2213 legemr

153 2208 1132 2294 Canonicarum‚utcompensaret,quodpertotamseptima·
1183 2207 1261 2273 Non
1280 2208 1509 2274 moechaberis.
1552 2206 1615 2272 Est
1636 2220 1744 2273 autem
1773 2210 1898 2274 solvere
1925 2213 2039 2294 legem,
2073 2232 2164 2296 pror·

151 2318 227 2364 nam
250 2297 524 2384 praetermiserat.
568 2296 735 2380 Surgebat
756 2313 798 2360 eo
820 2295 874 2359 dia
894 2313 1003 2371 mane,
1038 2294 1132 2362 circi·
1183 2314 1243 2360 sus
1266 2315 1341 2358 eam
1373 2291 1508 2373 tollere,
1542 2307 1576 2360 et
1603 2292 1758 2374 abolere,
1791 2306 1827 2360 ut
1860 2317 1926 2361 non
1948 2298 1992 2361 sit
2012 2295 2164 2381 amplius.

152 2398 203 2451 ter
222 2384 341 2450 boram
363 2382 559 2453 secundam,
593 2394 626 2445 et
648 2383 877 2465 ‹reeupabatur
897 2376 1052 2465 legendis
1075 2377 1131 2441 ho·
1182 2379 1256 2445 Hoc
1286 2381 1385 2445 modo
1414 2401 1481 2445 non
1508 2391 1622 2466 potest
1654 2377 1740 2447 solvi
1772 2379 1827 2446 lex
1849 2383 1982 2467 divine3
2005 2384 2082 2469 quia
2109 2380 2164 2448 lex

152 2475 197 2538 ris
220 2471 411 2549 Canonicis,
441 2486 549 2554 usque
582 2467 624 2531 ad
651 2464 767 2531 horam
800 2477 950 2551 quartam
973 2464 1132 2548 vesperti-
1183 2479 1235 2530 est
1258 2487 1374 2530 norma
1391 2465 1424 2530 iu
1443 2478 1553 2531 urente
1575 2467 1686 2533 divina
1699 2467 1833 2533 immota
1851 2480 2043 2549 etaeterna,
2066 2490 2164 2556 quam

151 2579 235 2625 naus
282 2557 355 2622 Nos
388 2558 477 2621 bono
511 2553 620 2619 studio
654 2550 923 2636 reprehendimus
956 2548 1024 2615 hoc
1058 2550 1131 2615 eius
1182 2549 1274 2617 nulla
1297 2564 1449 2617 creatura
1471 2547 1584 2618 delere
1607 2564 1732 2637 potest3
1765 2555 1852 2620 sicut
1873 2575 1970 2620 nemo
1992 2552 2100 2621 Deum
2123 2557 2165 2622 dc

58 2682 67 2695 ·-
151 2646 344 2713 institutum.
370 2642 591 2707 Dicebamus=
613 2639 654 2704 St
673 2639 793 2704 omisso
813 2638 1027 2715 recitationi,
1048 2656 1132 2723 quoe
1184 2635 1282 2704 coelo
1306 2639 1483 2704 deturbare
1503 2649 1627 2724 potest.

150 2739 202 2800 eet
233 2731 398 2797 dumata
430 2729 529 2793 certis
559 2727 650 2793 honr
681 2730 879 2810 singulorum
906 2724 1049 2803 iliarum,
1082 2729 1132 2790 cri
1270 2722 1412 2790 Contra:

147 2827 329 2903 pereanem,
345 2812 482 2898 trustra
502 2814 569 2879 iam
591 2811 668 2879 aliis
689 2812 779 2879 imas
792 2810 829 2900 fit
855 2810 1015 2878 recitatio.
1039 2809 1131 2890 Item,
1167 2870 1169 2875 Α

151 2905 264 2972 emm
284 2922 348 2969 non
368 2903 437 2966 malt
458 2901 625 2986 priuatam
646 2900 812 2964 lectionem
844 2896 999 2962 duroman
1024 2895 1131 2963 Cano·
1229 2897 1379 2964 Certatur
1398 2900 1534 2963 recanat
1554 2916 1615 2964 aar
1634 2918 1657 2963 u
1677 2899 1903 2965 meledictione
1922 2902 2024 2980 lepis:

150 2992 306 3059 mamm.
351 2987 445 3053 {lanc
480 2982 832 3052 commonefactionem
864 2983 1031 3070 patienter
1057 2979 1132 3048 tulit
1226 2985 1313 3066 Erpa
1338 2987 1471 3051 martit
1494 2989 1615 3067 tegern·
1651 2990 1728 3066 quic
1758 2989 1816 3052 lec
1847 3005 1912 3051 non
1943 2985 2068 3053 labens
2100 2994 2165 3056 cito

151 3075 331 3152 lutherus,
352 3086 386 3140 et
408 3073 518 3140 omisit
540 3073 699 3156 deinceps
720 3067 871 3138 lahorem
891 3071 992 3136 istum
1015 3088 1132 3154 super·
1337 3071 1577 3136 mammeam
1594 3073 1641 3136 aa
1656 3090 1793 3151 menne,
1814 3074 1898 3138 amit
1916 3083 1976 3138 ert

152 3182 346 3231 neaneum.
390 3161 439 3226 lta
472 3155 683 3226 conferamus
717 3159 889 3236 tenebras,
922 3174 1008 3242 quae
1040 3165 1132 3220 ante-

152 3261 327 3318 cesserunt
347 3260 495 3313 nostram
517 3255 660 3311 aetatem
684 3266 759 3311 cum
780 3243 927 3310 tenebris
948 3236 1026 3322 iliis,
1047 3259 1132 3327 quas
1270 3240 1482 3326 Respondeo.
1520 3242 1619 3330 Nego
1652 3243 1924 3329 consequentiam
1931 3267 1942 3322 ;
1975 3245 2053 3331 quia
2083 3241 2164 3313 libe·

145 3336 276 3422 'reperit
297 3332 451 3401 Christus
472 3335 506 3397 in
529 3331 653 3418 populo
676 3330 821 3398 ludaico.
1182 3348 1261 3393 rare
1281 3348 1304 3393 a
1325 3326 1557 3395 maledictione
1578 3349 1639 3394 seu
1661 3328 1873 3395 damnatione
1893 3327 2000 3417 legis,
2022 3351 2090 3395 uou
2112 3344 2165 3399 est

1183 3411 1304 3480 tollere
1324 3409 1445 3500 legem.
1488 3415 1543 3481 Ac
1573 3413 1678 3481 Pilius
1711 3415 1776 3481 Dei
1798 3437 1840 3483 eo
1861 3419 1955 3503 ipso,
1989 3419 2079 3503 quod
2100 3439 2162 3504 pro

1183 3502 1281 3567 uobis
1301 3501 1443 3568 subiecit
1464 3521 1504 3566 se
1525 3503 1727 3568 damnationi
1746 3499 1852 3608 legis,
1886 3503 1949 3570 hac
1971 3524 2036 3570 sua
2056 3524 2165 3589 poena

1184 3587 1393 3655 confirmavit
1414 3585 1540 3675 legem,
1572 3609 1640 3653 uon
1673 3585 1818 3656 sustulit.
1862 3588 1925 3655 Est
1946 3591 2033 3656 enim
2055 3610 2164 3676 poena

153 3667 262 3771 Quid
291 3665 474 3750 nominat
502 3665 568 3748 hic
600 3660 784 3748 Christus
813 3676 969 3740 nmdata
988 3671 1131 3752 misma,
1182 3669 1417 3741 universaliter
1449 3673 1657 3739 confirmatio
1690 3672 1787 3761 legis.
1831 3673 1882 3742 Co
1907 3677 2027 3742 'temus
2054 3695 2163 3742 exem-

1181 3757 1271 3845 plum
1304 3771 1469 3844 sumptum
1502 3782 1523 3825 a
1550 3759 1695 3847 politicis
1728 3762 1840 3827 rebus
1920 3759 2050 3828 iltiades
2084 3760 2163 3828 Dux
2281 3796 2290 3815 ·

151 3851 243 3906 cum
273 3823 421 3933 quUltt
448 3831 517 3912 Qui
534 3831 671 3896 idvm'l
691 3849 786 3895 mm
807 3847 848 3893 α
868 3827 1036 3894 mamili
1057 3829 1132 3893 ‘'⁸²¹'‘
1181 3844 1447 3927 Atheniensium,
1480 3848 1536 3934 qui
1560 3847 1639 3913 vicit
1662 3849 1785 3913 Persas
1806 3847 2013 3915 memorabili
2035 3845 2162 3934 proelio

150 3971 299 4050 „aaa
322 3979 354 4036 t
374 3973 425 4034 tt
447 3971 595 4037 nam
616 3969 768 4048 aaa,
788 3967 934 4033 ’ΜΝ
962 3965 1132 4032 man
1180 3929 2163 4106 dinitiarumfti⁶⁹t¹¹tt⁸,tt¹ittm⁰⁰i

458 4091 494 4155 ¹⁰¹¹
513 4109 615 4176 ''⁰92‘'
635 4088 818 4156 mmm?
1182 4102 1373 4191 squalorem
1409 4107 1574 4185 carcaria,
1606 4106 1720 4173 incidit
1749 4109 1784 4172 iu
1805 4110 1968 4174 morbum.
2011 4106 2057 4174 Ut
2079 4128 2162 4195 ergo

464 4238 469 4250 .
1121 4266 1124 4270 ,
1180 4203 1277 4276 pater
1297 4204 1457 4279 aegrotus
1473 4191 1608 4259 liberari
1630 4203 1765 4277 posset,
1787 4190 1907 4259 Cimon
1929 4193 2018 4260 filius
2041 4191 2161 4262 mitur-

236 4277 309 4369 ligo
332 4277 610 4365 simplicissimum
633 4299 710 4345 esse
731 4289 810 4365 puto
832 4277 956 4361 dicere,
978 4275 1068 4361 quod
1088 4274 1143 4339 sit·
1182 4277 1234 4341 dis
1256 4275 1363 4344 voluit
1385 4298 1424 4343 se
1447 4275 1608 4346 collocari
1628 4281 1661 4344 in
1682 4299 1852 4346 carcerem
1867 4301 1928 4365 pro
1943 4292 2049 4366 patre.
2092 4281 2161 4347 lum

150 4367 266 4434 ironia.
309 4365 395 4432 liam
417 4367 590 4432 Pharisaei
613 4366 836 4432 extenuabant
857 4371 999 4448 peccata
1020 4361 1130 4426 interi·
1182 4385 1320 4449 quaero,
1341 4385 1385 4429 au
1407 4363 1524 4432 Cimon
1546 4363 1720 4431 sustulerit
1741 4385 1924 4447 carcerem,
1947 4387 2022 4433 cum
2041 4363 2160 4433 libera·

150 4473 220 4520 ora.
263 4452 343 4520 ldeo
364 4455 531 4518 vocabunt
552 4453 708 4518 mandata
728 4448 806 4531 illa,
837 4469 925 4536 quae
952 4446 1131 4534 prohibent
1181 4450 1230 4515 vit
1249 4449 1402 4536 patrem‘l
1433 4449 1645 4537 Respondeo.
1666 4452 1787 4518 Effecit
1805 4453 1937 4539 quidem
1958 4452 2161 4521 Cimon-sua

151 4540 373 4607 dubitationes
391 4541 433 4606 de
445 4537 534 4617 Deo,
557 4539 646 4618 odia,
664 4536 832 4616 iuvidiam,
851 4532 1129 4615 malevolentiam,
1181 4536 1322 4623 pietate,
1355 4550 1392 4604 ut
1422 4549 1519 4623 pater
1537 4534 1737 4605 liberaretur
1757 4559 1800 4605 ex
1822 4559 1977 4618 carcere,
2010 4542 2162 4605 sednon

149 4636 215 4694 ete.
237 4627 369 4692 minima
390 4626 556 4692 mandata
600 4623 754 4692 Christus
783 4623 884 4711 igitur
904 4642 966 4707 per
984 4619 1130 4710 ironiam
1181 4620 1317 4689 sustulit
1339 4643 1521 4703 carcerem,
1540 4638 1598 4691 aut
1619 4625 1673 4691 lus
1687 4626 1846 4702 carceris,
1866 4646 1983 4696 rerum
1998 4622 2163 4693 translata

115 4780 120 4790 ,
149 4710 362 4798 reprehendit
393 4713 480 4780 hauc
515 4711 680 4777 inscitiam
712 4707 863 4791 illorum,
895 4719 931 4776 ut
960 4706 1129 4796 significet
1181 4709 1215 4773 in
1238 4728 1277 4775 se
1293 4729 1402 4794 poena
1431 4709 1639 4778 confirmarit
1669 4713 1780 4798 potius
1801 4711 1854 4778 lus
1876 4711 2163 4780 etauctoritatem

148 4797 1131 4952 ”ttttdttttt’,titdti't‘itbtimt
1181 4793 1621 4968 iiiitffimffmqibiii‘
1637 4795 1975 4974 11ἒῖιέἫέ
1990 4795 2163 4953 iiim

149 4906 306 5038 :audate
326 4972 393 5039 ne·
408 4972 534 5039 meatu
553 4929 703 5050 maome,
734 4971 785 5035 rto
805 4990 926 5038 reuera
946 4974 1017 5057 ipsi
1037 4969 1132 5036 aaut
1182 4966 1269 5033 tollit
1296 4967 1422 5076 legemr
1454 4971 1533 5058 quie
1562 4971 1669 5039 omnis
1702 4932 1758 5038 lias
1789 4905 1917 5058 obligat
1945 4894 2162 5056 mannil

149 5059 278 5124 nrdr'mi.
329 5055 443 5145 Aliqui
474 5058 519 5123 sit
551 5067 738 5142 exponunt,
770 5051 828 5124 illa
859 5057 1020 5125 interiora
1052 5064 1131 5122 suot
1183 5055 1416 5137 obedientiam,
1436 5070 1557 5143 postea
1577 5057 1621 5124 ad
1708 5078 1796 5125 uam.

148 5144 293 5226 minima,
315 5141 446 5212 scilicet
466 5154 622 5230 respectu
638 5139 816 5227 soelmm,
833 5164 921 5232 quas
936 5141 1020 5211 ioris
1038 5162 1130 5210 com·
1269 5140 1368 5210 liano
1386 5143 1563 5233 imagbren
1589 5077 1760 5231 polium
1784 5143 1971 5232 cogitemus
1993 5154 2162 5231 tanqu
