4620 5588
146 183 192 249 49
837 184 1057 256 rostrum
1076 184 1475 253 mansnrflomnnn.
2115 194 2160 264 ω
2240 204 2245 213 ·

146 375 224 448 bus,
248 382 281 437 et
303 372 536 437 traditionibus
554 372 719 450 humanis,
743 386 775 438 et
798 376 865 439 sint
886 377 1018 453 aretari,
1040 376 1128 441 sicut
1178 373 1256 452 tica,
1278 392 1364 458 quae
1387 375 1607 462 circumsepta
1629 379 1887 446 etleircrmrdata
1910 395 1987 448 sunt
2008 387 2105 451 metis
2127 398 2161 453 et

147 458 184 523 tit
206 460 239 522 in
262 456 335 523 aliis
358 460 481 543 regnis,
504 461 650 542 potentia
668 462 843 526 mundana.
877 460 911 526 ln
935 462 1001 526 hoc
1022 482 1126 547 regno
1178 459 1310 545 legibus
1344 463 1432 539 suis,
1470 484 1535 527 uec
1570 478 1733 550 vagantur
1762 469 1794 531 iu
1828 467 1997 533 inlinitum.
2053 470 2159 539 lliulto

146 546 239 632 Papa
271 545 384 608 tribuit
424 546 485 608 sibi
523 556 723 628 potestatem
763 568 866 631 supra
898 545 1127 632 Evangelium,
1178 547 1279 632 igitur
1300 547 1408 610 miuus
1437 547 1590 613 Ecclesia
1619 564 1672 614 est
1705 549 1771 618 tale
1791 559 1954 702 ‘regnum
1988 578 2073 643 quae
2107 572 2159 624 cst

146 636 232 697 sicut
267 629 520 693 Panormitanus
553 631 655 694 dicit:
695 635 767 697 dira
805 637 885 698 dene
915 635 1129 699 eortsaaisset
1179 629 1295 695 similis
1307 634 1535 714 oeconomiae,
1557 633 1611 699 vel
1624 634 1782 702 scholae:
1806 661 1845 703 ve
1880 641 1910 704 si
1932 645 2006 725 quis
2026 647 2158 713 omnino

144 721 236 785 aaa
248 720 417 797 Ecclesiae,
440 723 471 781 si
485 736 549 780 noa
565 719 732 782 tribuisset
746 724 779 783 ei
790 729 980 800 potestatem
997 721 1127 803 dispicit·
1178 713 1310 803 politiae
1333 716 1499 784 vocabulo
1522 719 1718 801 delectatur,
1741 726 1995 792 Aristocratiae.

145 807 244 870 sandi
263 804 398 867 risiare
423 805 539 867 divino.
594 801 687 866 ilaec
720 819 799 868 sunt
832 808 934 870 verba
957 805 1126 869 Panormi·
1263 803 1309 869 Ut
1330 818 1438 870 autern
1461 808 1678 892 imprudentia
1691 808 1887 877 Pontificum
1910 810 2033 880 clarius
2055 836 2158 903 agno·

144 890 225 954 tani.
271 887 405 960 Quaero
426 898 547 966 autem,
570 907 613 951 an
635 889 679 952 sit
699 888 900 955 inEcclesia
923 889 1039 956 relicta
1061 892 1126 956 dis·
1178 901 1310 968 ocatur,
1351 895 1565 958 considerent
1597 892 1852 977 adolescentes,
1885 897 1985 984 quale
2016 903 2060 966 sit
2094 903 2159 970 hoo

143 976 296 1061 pensatio
312 970 447 1057 aliqua'l
1177 988 1424 1063 argumentatus

1305 1102 1345 1166 In
1376 1101 1521 1182 Epr'stola
1551 1103 1597 1171 ad
1635 1102 1799 1170 Hebraeos
1831 1056 1967 1171 dieitur:
2000 1109 2159 1176 translato
2197 1100 2203 1112 ’

1349 1187 1538 1254 Sacerdotis
1556 1194 1597 1270 tit
1614 1192 1785 1256 translatio
1805 1195 1906 1296 lapte:
2134 1280 2144 1299 ⁰

144 1303 268 1386 Estne
320 1302 452 1412 aliqua
505 1304 751 1415 dispensatio
801 1306 1025 1390 necessaria
1083 1306 1125 1389 in
1307 1275 1602 1427 wapefflfim'
1622 1282 1793 1344 ‘'mu‘’
1813 1278 1996 1344 mmm
2015 1280 2159 1348 Aurana

533 1456 743 1545 Ecclesia?
1304 1445 1391 1525 Erpa
1422 1448 1552 1527 Petita,
1583 1453 1635 1513 oet
1655 1452 1765 1532 Papa,
1799 1452 1857 1534 pai
1885 1458 1939 1517 est
1959 1454 2037 1529 ,toea
2057 1453 2158 1554 Petit,

1347 1532 1441 1596 natet
1468 1542 1658 1615 potestatem
1689 1538 1850 1602 condendi
1877 1541 1975 1620 repa,
2006 1539 2157 1604 audino·

229 1652 445 1739 Respondes.
489 1656 555 1733 lta3
588 1655 718 1722 scilicet
750 1678 836 1744 quae
862 1657 1026 1724 consentit
1049 1679 1123 1724 cum
1347 1636 1416 1698 Μ’
1437 1623 1549 1685 ‘uum'

142 1740 218 1824 ipso
239 1743 344 1805 verbo
362 1740 437 1806 Dei.
481 1740 572 1807 'l'alis
595 1757 646 1806 est
669 1743 873 1828 dispensatio
901 1741 1028 1830 legum,
1056 1766 1123 1809 non
1168 1745 1170 1750 ’
1260 1750 1473 1838 Respondeo.
1517 1754 1612 1841 Nego
1635 1757 1803 1822 minorem.
1848 1759 1881 1824 Si
1902 1755 2056 1825 volumus
2078 1778 2156 1846 pro·

142 1837 254 1890 autem
281 1825 474 1913 Evangelii,
506 1831 584 1913 quia
617 1827 833 1914 Evangelium
866 1842 919 1894 est
950 1833 1023 1914 ipsa
1058 1850 1124 1895 vox
1174 1838 1246 1921 prie
1257 1836 1360 1925 loqui,
1380 1859 1445 1904 non
1458 1841 1490 1904 in
1503 1839 1634 1906 Petrum
1646 1841 1842 1909 translatum
1854 1858 1907 1907 est
1920 1847 2156 1927 sacerdotium,

144 1911 412 1996 dispensationis.
456 1913 533 1978 ldeo
560 1912 645 1979 lraec
667 1936 733 1979 vox
755 1929 808 1979 est
828 1936 969 2001 prorsus
990 1916 1124 1982 immota
1175 1925 1235 1989 sed
1263 1925 1296 1990 in
1315 1924 1496 1991 Christum.
1551 1926 1614 1993 llic
1637 1940 1689 1994 est
1721 1949 1869 1995 summus
1899 1933 2070 2005 sacerdos,
2093 1952 2155 1999 seu

144 2008 176 2061 et
198 1996 474 2082 indispensabilis.
531 1999 659 2087 Legum
692 2013 744 2066 est
772 1999 883 2086 aliqua
905 2003 1121 2086 dispensatio,
1148 2038 1152 2061 ι
1175 2030 1323 2075 sunrmus
1346 2011 1498 2076 Pontilex
1521 2025 1653 2094 noster,
1685 2017 1741 2099 qui
1775 2015 1908 2080 tradidit
1936 2037 2058 2082 norum
2080 2038 2153 2083 ver·

143 2102 240 2166 quam
262 2079 343 2148 iacit
365 2086 438 2168 ipsa
459 2105 525 2150 vox
547 2087 676 2165 elisius,
704 2099 741 2152 ut
758 2087 975 2161 dissonabaei
998 2108 1125 2175 pagna·
1148 2138 1151 2164 .
1175 2096 1265 2175 bum,
1285 2097 1401 2176 idest,
1424 2097 1653 2184 Evangelium,
1677 2101 1766 2186 quod
1789 2112 1842 2165 est
1863 2099 1983 2168 alioda
2002 2104 2154 2169 doctrina

142 2167 225 2233 bant
255 2170 288 2233 in
323 2169 491 2249 Sabbato,
534 2173 611 2255 quia
655 2183 727 2236 erat
767 2192 869 2238 casus
904 2173 1124 2239 necessitatis·
1147 2167 1151 2250 l
1173 2178 1272 2268 legis,
1288 2185 1374 2248 siout
1398 2185 1534 2249 dicitur:
1569 2185 1617 2249 'l'u
1639 2206 1673 2250 es
1684 2187 1848 2252 Sacerdos
1869 2196 2022 2255 aeternas
2042 2187 2154 2258 sacrm·

140 2251 242 2332 liam,
275 2252 396 2320 milites
430 2258 485 2342 qui
512 2267 607 2321 erant
628 2258 855 2339 κατηχούμενοι,
889 2272 967 2324 sunt
995 2260 1124 2339 mortui,
1147 2261 1151 2399 i
1173 2269 1247 2334 dian
1268 2271 1412 2335 ordinem
1434 2270 1680 2337 Melchisedech.

140 2341 285 2404 nondum
309 2353 448 2424 accepto
468 2344 642 2426 baptismo,
665 2345 706 2407 de
723 2364 863 2429 quorum
883 2356 992 2408 tamen
1015 2342 1124 2410 salute

139 2445 209 2489 non
231 2422 292 2490 tuit
315 2429 546 2504 dubitandum
580 2429 656 2513 quia
677 2431 845 2493 habebant
866 2429 976 2507 iidem,
1011 2441 1044 2493 et
1064 2450 1124 2495 ro·

139 2507 302 2576 luntatem
324 2513 507 2597 accipiendi
543 2515 582 2577 ba
609 2515 750 2578 tismum.
800 2513 862 2586 Qui
876 2526 973 2591 ¹recte
993 2516 1123 2582 institu-

137 2606 195 2691 tus
229 2609 281 2662 est
313 2601 345 2665 iu
379 2599 529 2664 doctrina
563 2536 772 2678 Gliristiaua,
804 2602 890 2666 bene
923 2603 999 2680 scit,
1032 2602 1150 2706 quodp
1258 2598 1379 2683 Unde
1410 2612 1505 2684 sunt
1534 2603 1734 2687 vocabula
1765 2601 1994 2688 Sacerdotis
2025 2615 2070 2687 et

140 2681 227 2746 fides
248 2685 381 2748 intuens
403 2685 656 2768 promissionem
677 2685 844 2765 iustificat,
877 2704 944 2752 non
963 2699 1122 2753 externus
1655 2758 1663 2774 ,
1722 2758 1730 2775 ,

138 2769 240 2847 utu,
272 2770 360 2834 staur
382 2771 516 2835 ascitur:
548 2775 620 2837 aa
648 2774 803 2856 maan,
834 2776 1123 2856 terassonam
1544 2756 1779 2846 Pontificai

139 2850 425 2923 Sacrataeatoram
452 2859 592 2922 manat.
645 2857 736 2922 'l'alis
771 2858 976 2943 dispensatio
1008 2856 1121 2945 legum
2043 2923 2047 2928 .

137 2959 207 3006 non
273 2953 339 3006 test
361 2943 495 3022 dimitti,
529 2944 590 3007 sed
612 2944 701 3009 iuxta
722 2965 870 3010 normam
892 2947 986 3010 verbi
1008 2946 1119 3012 divini.
1258 2934 1474 3021 Respondeo.
1525 2936 1695 3003 Sacerdos
1728 2940 1847 3005 dicitur
1869 2960 1890 3005 a
1910 2959 2020 3006 samo.
2065 2940 2154 3007 Pon·

256 3047 347 3093 erum
370 3026 638 3107 Panormitanus,
656 3044 689 3094 et
711 3028 837 3095 similes
858 3051 925 3096 non
947 3027 1119 3096 intellexe-
1170 3014 1252 3086 tifex
1280 3019 1430 3088 similiter
1458 3034 1522 3102 esi,
1553 3045 1622 3088 ¹¹⁰ss
1648 3046 1669 3090 ³
1699 3022 1969 3110 Pm‘i‘aci'ffldtls
2001 3027 2065 3093 ⁸⁰⁶
2097 3026 2154 3121 (iul

137 3124 214 3177 runt
231 3114 407 3180 discrimen
429 3112 516 3200 legis
543 3125 576 3179 et
598 3114 788 3201 Evangelii:
817 3129 850 3181 et
872 3137 915 3181 ex
936 3115 1000 3182 hac
1021 3118 1120 3183 insci·
1170 3117 1282 3256 pillfflt
1311 3105 1443 3212 faceres
1485 3111 1582 3194 ‘luaSi
1615 3110 1707 3176 dim
1740 3108 1884 3196 Ρθῑῗῖθῑ·
1949 3110 2012 3177 Εὸῑ
2043 3123 2153 3179 amem

137 3199 184 3264 rt.
216 3202 357 3266 „pueri
390 3213 469 3265 sunt
500 3202 611 3287 magni
643 3222 787 3266 errores.
842 3202 914 3268 virt
948 3203 1119 3287 sapientes
1184 3212 1284 3259 acere
1309 3195 1415 3275 idem,
1448 3196 1537 3282 qaod
1555 3195 1767 3262 sacrificare:
1802 3217 1902 3264 sacra
1934 3193 2077 3276 facere,
2095 3207 2154 3265 aut

137 3285 264 3364 vident,
285 3287 374 3373 quod
398 3306 465 3350 non
487 3290 597 3372 possit
619 3308 697 3353 esse
726 3289 873 3374 regimen
892 3290 965 3353 sine
987 3290 1119 3374 dispen·
1172 3299 1271 3344 sacta
1309 3290 1463 3347 mititare·
1529 3280 1615 3346 Nam
1652 3303 1769 3353 munes
1809 3297 1950 3371 gentes,
1996 3282 2153 3364 Biblada

138 3373 277 3437 satione.
333 3370 414 3436 lude
436 3387 514 3436 nata
543 3385 595 3438 est
617 3373 701 3439 liaeo
723 3396 805 3439 vox:
838 3378 927 3441 Deae
955 3395 1019 3442 noa
1040 3379 1121 3442 dene
1173 3363 1306 3445 Graeci,
1327 3380 1361 3432 0²
1382 3367 1490 3433 Ῑιᾶἱῖῐὶῑ
1508 3367 1663 3433 dixerunt
1680 3365 1808 3451 lacae,
1830 3389 1892 3456 Pi⁰
1915 3389 2049 3437 iamim
2070 3389 2152 3455 <W
2188 3390 2192 3395 ’
2281 3448 2286 3455 .

140 3459 354 3564 oomaiamet
372 3457 564 3538 Ecclesiae,
580 3466 613 3524 st
642 3481 707 3526 non
728 3467 912 3544 reliquisset
927 3471 1120 3546 potestatem
1170 3451 1339 3538 perficere,
1357 3466 1391 3518 et
1412 3474 1482 3520 esse
1502 3456 1537 3519 in
1553 3455 1744 3525 missatatio·

137 3545 347 3627 mande
1255 3538 1355 3625 Apud
1376 3537 1552 3626 Virgilium
1572 3551 1643 3606 est:
1676 3539 1757 3606 Orsm
1785 3537 1914 3624 faciam
1934 3536 2055 3620 oitala,
2087 3561 2154 3626 pre
2275 3622 2278 3627 ‚

223 3595 363 3716 Pighius
392 3627 496 3696 multo
531 3631 680 3695 orossius
721 3632 885 3718 impingit,
930 3632 986 3717 qui
1030 3633 1120 3713 dicit,
1167 3620 1320 3709 srttytlaoe
1341 3628 1412 3712 ipse
1432 3629 1548 3692 cerato.
1610 3616 1698 3700 Quid
1718 3626 1896 3714 significat-²
1916 3648 1985 3692 cum
2000 3623 2152 3709 fudam?

138 3717 222 3796 quod
257 3724 408 3798 oporteat
431 3735 542 3781 amam
575 3737 648 3782 esse
685 3737 858 3799 personam
898 3725 932 3783 in
963 3721 1119 3796 Εραερω,
1171 3709 1383 3795 Respondeo.
1439 3711 1522 3778 Cum
1545 3712 1759 3791 sacrificabo,
1787 3733 1881 3778 wana
1902 3712 1954 3776 tet
1972 3707 2078 3796 opfer,
2100 3715 2152 3777 ein
2231 3800 2234 3805 θ

138 3820 223 3885 quae
244 3802 288 3865 slt
310 3801 526 3888 ἀναμάρτητος,
555 3822 642 3887 quae
663 3823 730 3866 non
752 3805 859 3888 possit
882 3823 1006 3881 errare,
1034 3825 1120 3889 quae
1171 3797 1268 3883 licilip
1287 3798 1390 3865 soeret:
1412 3799 1509 3863 hatte.
1553 3797 1602 3862 lta
1624 3800 1820 3883 saepissime
1849 3801 1882 3863 in
1907 3800 2011 3863 reteri
2036 3796 2150 3904 'lesta-

138 3887 181 3949 sit
213 3887 287 3952 sine
319 3899 478 3973 peccato,
518 3908 605 3972 quae
643 3900 822 3952 conservet
853 3892 1046 3953 veritatem:
1085 3905 1119 3955 et
1170 3894 1281 3948 mento
1304 3886 1437 3970 ponitur
1453 3883 1588 3968 sacae,
1620 3904 1682 3967 pro
1704 3884 1913 3970 sacrificare,
1941 3881 1997 3948 vel
2026 3903 2095 3949 esse
2115 3902 2151 3949 m

136 3968 224 4036 hanc
245 3992 424 4056 personam
447 3992 525 4037 essa
548 3974 682 4058 Papam.
734 3975 826 4039 liaeo
853 3985 931 4039 sunt
951 3974 1118 4040 horrenda
1169 3971 1359 4037 ministerio.
1413 3970 1504 4057 Ergo
1538 3969 1684 4054 pontilex
1708 3981 1775 4047 est,
1808 3972 1864 4055 qui
1885 3971 1987 4035 habet
2007 3970 2150 4036 auctorl·

136 4069 170 4122 et
190 4068 278 4123 tetra
306 4061 495 4125 mendacia:
529 4061 605 4144 quia
634 4062 732 4124 etiam
764 4060 940 4146 pontifices
961 4058 1028 4139 illi,
1062 4063 1118 4147 qui
1169 4067 1271 4122 tatem
1289 4054 1431 4123 faciendi
1455 4054 1577 4142 aliquid
1599 4057 1633 4118 in
1655 4056 1847 4120 ministerio.
2062 4080 2067 4089 ·
2143 4140 2146 4145 4

136 4143 207 4209 lore
229 4145 342 4212 divino
364 4148 521 4210 tenebant
543 4144 769 4231 pontificatum
787 4149 831 4212 ›in
855 4145 978 4232 popolo
1001 4144 1119 4227 lsrael,
1256 4144 1312 4210 Sic
1329 4146 1430 4231 igitur
1452 4138 1632 4208 concludo:
1666 4138 1821 4206 Ecclesia
1844 4162 1911 4206 nou
1934 4153 1986 4207 est
2010 4160 2156 4217 regnum·

136 4246 238 4314 saepe
272 4241 306 4295 et
336 4229 471 4296 multum
505 4242 667 4296 errarunt.
733 4231 840 4304 Quam
877 4233 939 4297 suit
977 4253 1118 4318 magnas
1169 4229 1385 4298 Pontificium.
1409 4230 1468 4294 sed
1493 4240 1546 4292 est
1558 4241 1686 4305 coetus,
1708 4229 1741 4291 in
1763 4247 1830 4313 quo
1852 4241 1952 4293 sonat
1962 4248 2028 4292 vox
2039 4213 2148 4291 Evina

137 4334 230 4380 error
255 4329 288 4381 et
320 4312 437 4402 lapsus
459 4317 604 4382 Aaronis
637 4320 732 4402 primi
754 4318 920 4402 pontificis
938 4321 970 4384 in
993 4316 1117 4404 populo
1170 4314 1259 4402 gelli,
1291 4336 1353 4382 sou
1385 4317 1440 4381 ubi
1474 4325 1526 4379 est
1558 4314 1784 4379 ministerium.
1840 4314 1877 4378 ld
1902 4326 2073 4400 comparat
2094 4312 2168 4377 liic*

135 4397 214 4465 Dei!
259 4398 352 4466 'l'slia
374 4416 482 4468 tamen
501 4404 689 4468 execranda
710 4406 883 4471 mendacia
928 4406 1118 4469 ertiuaciter
1169 4401 1323 4468 Christus
1360 4402 1532 4478 convivio,
1566 4411 1599 4464 et
1631 4401 1763 4486 quidem
1796 4411 1913 4486 parato
1936 4401 2009 4466 sine
2030 4404 2169 4464 nostrd'·

137 4485 317 4552 defendunt
339 4487 507 4572 Papistae,
529 4491 649 4574 quibus
662 4488 816 4554 Ecclesia
839 4428 927 4554 nihil
941 4503 994 4555 est
1015 4488 1116 4569 aliud,
1169 4489 1296 4554 merito.
2019 4571 2027 4588 ·

136 4591 233 4655 quam
255 4592 393 4659 reguum
416 4572 599 4659 politicum,
632 4575 665 4638 in
700 4597 766 4660 quo
793 4577 918 4660 praesit
940 4596 1037 4652 unus,
1061 4577 1116 4661 qui
1256 4574 1318 4641 liic
1339 4592 1422 4659 ergo
1467 4570 1636 4657 rlncipalis
1658 4569 1864 4637 looushuius
1882 4581 1995 4637 textus
2018 4569 2148 4665 molditt

134 4657 257 4722 habeat
289 4678 449 4723 summam
484 4661 682 4744 potentiam,
713 4662 767 4745 qui
797 4663 840 4724 sit
862 4660 1066 4746 αὐτοκράτωρ,
1085 4673 1118 4726 et
1169 4657 1323 4725 videlicet
1344 4596 1491 4747 querela,
1514 4659 1602 4744 quod
1623 4658 1777 4723 homines
1805 4680 1871 4723 non
1899 4669 2016 4723 curent
2038 4655 2147 4720 Elian·

135 4741 213 4807 huic
230 4745 622 4811 tribuuntauctoritatem
644 4748 808 4812 condendi
830 4746 939 4834 leges,
962 4759 996 4812 et
1018 4749 1117 4811 inter·
1168 4744 1309 4833 galium,
1342 4746 1402 4810 sed
1427 4745 1580 4830 occupati
1611 4746 1682 4808 suis
1716 4747 1986 4830 quibusdam-ne
2032 4743 2088 4845 ,tiis
2113 4753 2149 4807 et
2258 4758 2261 4765 ‘

134 4831 287 4912 pretendi
311 4830 532 4916 Scriptorum,
565 4833 630 4896 imo
654 4833 752 4896 etiam
785 4852 888 4919 supra
910 4832 1117 4918 Scripturam
1169 4833 1269 4910 curis,
1293 4831 1466 4919 negligant
1488 4830 1630 4897 salutem
1654 4852 1759 4896 suam.
1815 4824 1991 4896 Pateriami
2006 4816 2158 4921 issu-ista

135 4934 210 4979 eum
244 4913 433 4996 collocant,
476 4930 508 4983 et
541 4929 740 5003 potestatem
775 4921 804 4983 ei
843 4921 922 4984 dant
955 4920 1117 4984 condendi
1167 4919 1320 4983 instruxit
1353 4938 1491 4984 coenam
1514 4938 1687 5004 magnam,
1719 4919 1762 4981 de
1790 4938 1857 5002 qua
1886 4917 2005 4981 dicitur
2016 4914 2147 4980 'Esaiae

134 4999 231 5086 leges
254 5020 355 5087 sopra
377 5001 473 5090 leges
495 5004 635 5070 divinas.
1168 5004 1221 5071 35.
1269 5005 1310 5071 t‘t
1326 5001 1431 5088 saciet
1452 5004 1832 5090 Domiaasexercitaun
1854 5003 1996 5068 amoma
2016 5001 2148 5087 poprdts
2247 4996 2258 5014 ⁰

221 5084 304 5152 'l'ale
332 5107 472 5174 regnum
503 5110 547 5157 ne
574 5091 705 5177 quidem
727 5100 779 5154 est
800 5090 1012 5181 interregna
1034 5089 1117 5177 poli·
1167 5093 1203 5157 ia
1223 5100 1330 5158 monte
1350 5091 1410 5156 loc
1437 5093 1614 5156 maistam
1641 5093 1777 5175 pingue:
1809 5090 1841 5154 id
1865 5085 2091 5181 est,.lautuin
2111 5096 2145 5150 et

287 5223 436 5266 ssffl'ffl.
449 5227 530 5269 OPER.
545 5225 611 5269 VOL-
626 5227 695 5272 m.
1423 5229 1425 5232 ’
1883 5213 1900 5260 4
