4620 5588
157 181 221 250 itt
811 176 923 244 PlilL.
945 176 1051 246 MEL.
1074 176 1263 246 SCRlPTA
1285 176 1550 247 manrici.
2108 179 2173 249 tas

242 370 405 437 Doctrina
426 371 470 436 de
491 369 668 437 virtutibus
691 380 723 432 ct
744 369 844 447 vitiis,
861 388 947 455 quae
959 368 1047 454 apud
1059 367 1139 434 Eth·
1275 365 1432 449 ¹Primum,
1455 378 1492 433 ut
1512 363 1697 434 afficiamur
1708 365 1896 434 calamitate
1906 365 2057 447 aliorum,
2078 387 2173 452 prae-

155 461 252 527 nicos
275 458 425 538 traditur,
447 456 591 542 pertinet
601 456 644 520 ad
655 475 753 521 usum
764 452 849 543 legis
862 456 1139 541 paedagogicum,
1190 454 1305 520 sertim
1338 452 1483 533 iniusta,
1524 465 1556 519 et
1593 456 1715 520 misere
1753 475 1815 521 seu
1848 455 1968 521 iniuste
1998 455 2172 540 oppressis

158 558 192 610 et
213 559 265 612 est
287 556 457 631 utcunque
480 543 676 632 gubernatio
699 553 910 607 externorum
933 561 1072 608 morum.
1191 559 1287 626 opem
1308 538 1472 619 ieramus,
1493 552 1652 628 quantum
1673 560 1854 627 possumus
1877 537 2000 613 saroa
2023 554 2173 628 maguae·
2235 607 2238 613 .

1190 637 1259 693 tum
1281 623 1360 691 licet
1381 629 1490 706 nobis,
1511 629 1603 693 iuxta
1625 628 1845 696 vocationem.

1277 709 1374 778 Alter
1391 716 1516 798 gradus
1539 726 1603 792 est,
1628 727 1663 779 ut
1684 725 1765 780 tunc
1785 716 1895 794 ειίππι,
1919 735 1993 781 cum
2011 726 2063 780 est
2085 717 2173 781 iusta
2234 785 2236 788 Α

330 844 338 860 .
1162 781 1386 879 'calamitaS,
1421 801 1478 865 liat
1509 801 1669 887 mitigatio
1691 821 1840 886 poenae,
1875 798 2003 866 scilicet
2036 814 2173 886 propter

260 843 371 946 Quid
400 843 622 954 respondes
657 840 711 923 ad
741 845 1047 951 argumentum:
1162 814 1351 1009 {rationem
1373 885 1593 972 prohabilem.

244 1045 472 1106 promissiones
492 1040 609 1125 ἱεραῖσι
626 1040 766 1122 persulcat
787 1060 829 1101 eo
851 1039 1139 1123 cotadilionaleqt's:

248 1147 349 1210 Nemo
372 1148 451 1208 salis
467 1147 554 1225 facit
575 1143 652 1227 lepis

163 1311 170 1318 ,
243 1249 331 1330 Erpa
347 1251 572 1332 promanasse
591 1251 672 1311 istoc
692 1250 897 1310 madianitae
919 1236 1110 1324 atinatilas?
1160 1226 1166 1318 Ι
1250 1287 1284 1371 P
1526 1288 1534 1304 .
1689 1319 1693 1323 ‚
1736 1290 1744 1306 .
1817 1291 1855 1308 ..
2033 1291 2040 1304 .
2103 1294 2117 1337 Ι.

78 1420 82 1431 ,,
244 1353 455 1440 despondeo.
500 1349 662 1418 Concedo
687 1363 802 1430 totum,
835 1349 990 1439 legaliter
1009 1361 1138 1417 tantum
1285 1299 1492 1400 ugnantne
1523 1303 1628 1371 mter
1658 1318 1702 1372 Se
1734 1303 1884 1372 1118111111
1915 1303 1957 1372 el
1987 1319 2141 1371 mlffl'l'*

155 1439 191 1505 lo
214 1440 336 1506 uendo.
348 1438 596 1505 Promissiones
607 1435 735 1524 legales
748 1436 1059 1516 suntinutiles‚sine
1070 1436 1137 1502 lida
1601 1443 1762 1527 cordia?

156 1462 214 1593 vel
240 1529 312 1592 sine
347 1525 491 1591 Christo.
542 1524 613 1590 sed
646 1544 720 1590 oum
743 1523 877 1590 Christo
910 1524 993 1591 liunt
1023 1521 1135 1604 utiles,
1749 1511 1757 1529 ⁰

126 1643 128 1647 ·
180 1613 234 1679 uia
256 1625 448 1698 reputamur
468 1612 546 1678 iusti
569 1622 706 1697 propter
723 1610 904 1692 Christum,
926 1611 1021 1698 quasi
1040 1611 1136 1675 satis·

155 1636 356 1766 llectssemus
385 1696 463 1784 legi.
506 1697 636 1763 Deinde
669 1708 702 1763 et
734 1697 891 1765 inchoata
919 1708 1036 1763 nostra
1058 1699 1136 1762 oba
1275 1691 1488 1779 Respondeo.
1545 1693 1777 1763 Misericordia
1809 1706 1861 1760 est
1894 1697 2023 1775 virtus,
2062 1693 2174 1763 allinis

157 1787 299 1866 dientia,
332 1786 432 1850 etiam
454 1783 483 1848 si
505 1805 573 1848 non
595 1795 648 1849 est
670 1781 769 1870 plena
791 1795 825 1850 et
846 1785 993 1871 integra,
1027 1795 1135 1848 tamen
1188 1781 1332 1849 imtitiae
1352 1778 1564 1864 particulari,
1593 1801 1680 1867 quae
1704 1779 1826 1865 duplex
1846 1792 1913 1845 cst:
1951 1802 2018 1847 una
2040 1800 2174 1864 severa,

155 1874 360 1958 approbatur
381 1882 519 1956 propter
541 1868 720 1936 Christum.
1188 1886 1250 1933 seu
1267 1867 1386 1955 rigida,
1409 1865 1940 1954 quaequorninatur·dapsssodtxamv,
1963 1867 2175 1953 άπειοίιπῃῖε

241 1958 300 2024 Sic
320 1959 420 2045 igitur
441 1958 532 2021 iuxta
552 1963 710 2021 ἐπιεικείαι
742 1953 915 2044 Evangelii
947 1955 1137 2040 respondeo
1188 1956 1308 2035 [lecim
1331 1975 1407 2021 cum
1424 1949 1617 2040 simpliciter
1634 1955 1830 2037 proceditur
1851 1954 1943 2023 iuxta
1960 1955 2175 2041 severitatem

154 2045 198 2110 ad
219 2043 400 2110 Minorem:
431 2043 514 2125 Lepi
544 2065 697 2126 nmtqucm
728 2045 843 2124 satisfit
869 2064 891 2109 a
912 2043 1002 2104 nobis
1023 2045 1056 2102 ia
1076 2041 1138 2102 lmc
1187 2037 1311 2127 legum,
1333 2039 1405 2105 sine
1426 2036 1495 2105 ulla
1512 2039 1734 2128 mitigationes
1758 2052 1794 2109 ut
1816 2061 1890 2107 eum
1912 2034 2005 2109 Titus
2028 2038 2175 2119 Manlium

154 2133 236 2212 vitm
256 2128 387 2196 scilicet
409 2125 578 2215 loquendo
604 2126 766 2216 legaliter.
812 2127 880 2194 Sed
903 2130 1081 2196 credentes
1103 2129 1137 2192 in
1187 2123 1353 2193 interfecit
1374 2123 1476 2191 lilium
1499 2137 1700 2213 pugnantem
1724 2139 1841 2192 contra
1859 2128 2051 2199 mandatum
2064 2148 2174 2277 supas,

155 2214 325 2283 Christum
359 2229 494 2282 servant
528 2217 705 2294 mandata,
740 2213 892 2296 scilicet,
925 2215 1138 2300 imputatione
1189 2214 1246 2300 qui
1267 2226 1348 2279 tunc
1376 2224 1449 2279 erat
1470 2211 1654 2298 Imperator
1680 2214 1713 2277 in
1735 2215 1901 2292 exercitu,
1932 2213 2060 2281 etiamsi
2084 2212 2175 2285 fiius

155 2305 297 2369 iustitiae
320 2301 461 2381 Christi,
490 2313 525 2368 et
550 2301 763 2368 inchoatione
785 2321 894 2368 novae
916 2301 1137 2368 obedientiae.
1188 2320 1263 2365 cum
1285 2297 1384 2363 hoste
1407 2312 1629 2383 provocatore
1650 2296 1789 2366 feliciter
1811 2299 2036 2366 dimicaverat.

153 2389 228 2456 Non
253 2391 387 2456 dubium
408 2389 511 2476 igitur
532 2408 611 2454 asse
632 2390 748 2468 «labet,
782 2389 861 2476 quin
882 2387 979 2455 Deus
997 2388 1137 2453 daturus
1274 2383 1442 2464 Έπιείκεια,
1465 2396 1517 2451 est
1538 2385 1719 2453 moderatio
1741 2386 1860 2452 summi
1881 2386 1979 2467 iuria,
2009 2406 2076 2453 non
2097 2383 2174 2455 luti·
2208 2467 2211 2470 Α

154 2478 197 2541 sit
218 2477 387 2562 praemia,
420 2477 519 2541 etiam
550 2477 583 2541 in
617 2475 683 2541 hac
713 2476 783 2542 vita
810 2485 904 2541 recte
923 2472 1136 2541 iacientibus.
1186 2468 1230 2538 lis
1252 2485 1309 2539 aut
1336 2471 1527 2550 temeraria,
1555 2471 1617 2538 sed
1638 2469 1768 2539 hahens
1795 2470 1940 2578 aliquam
1967 2469 2175 2559 probabilem

155 2561 338 2650 Postquam
359 2583 476 2628 sumus
499 2561 705 2628 reconciliati
715 2562 792 2637 ,tide
808 2573 945 2647 propter
955 2557 1136 2640 Christum,
1188 2577 1356 2638 omassum,
1377 2569 1414 2624 ut
1435 2557 1571 2625 lilarcus
1594 2557 1748 2644 Papirius
1768 2556 1931 2646 hlagtster
1952 2561 2100 2646 equitum
2119 2580 2174 2637 re·
2211 2638 2216 2650 .

155 2663 188 2714 et
210 2652 371 2715 habemus
394 2649 582 2713 inchoatam
604 2650 839 2728 obedientiam,
863 2649 1057 2734 contingunt
1079 2667 1137 2712 no·
1187 2644 1274 2713 misit
1295 2665 1454 2732 poenam,
1487 2643 1690 2729 deprecante
1712 2647 1881 2727 exercitu,
1913 2665 2012 2732 quem
2039 2656 2175 2732 poterat

154 2735 207 2801 bis
235 2736 392 2802 divinitus
417 2754 540 2822 magna
568 2736 716 2819 praemia
750 2733 940 2819 corporalia
978 2743 1013 2799 et
1041 2733 1136 2817 spiri·
1187 2751 1316 2799 summo
1338 2731 1410 2796 iure
1430 2729 1632 2811 interlicere,
1652 2731 1743 2817 quod
1759 2743 1944 2818 pugnasset
1962 2753 2037 2801 oum
2055 2733 2174 2817 hosta,

152 2820 266 2887 tualia.
310 2821 378 2886 lam
410 2824 582 2886 veniamus
615 2820 660 2886 ad
689 2817 840 2908 singulas
867 2831 981 2908 partas
1008 2819 1042 2884 in
1071 2819 1139 2884 hac
1189 2827 1307 2884 contra
1333 2817 1544 2883 interdictum
1566 2817 1761 2895 dictatoris3
1796 2838 1871 2887 cunt
1899 2814 1992 2885 nulla
2021 2820 2175 2903 victoria,

154 2909 324 2974 concione.
1194 2905 1405 2993 quantumvis
1428 2899 1616 2990 splendida,
1649 2905 1732 2971 tanti
1757 2902 1910 2972 iacienda
1943 2905 2003 2983 sit,
2033 2919 2070 2975 ut
2091 2927 2175 2993 W

1188 3000 1305 3075 pterea
1331 2986 1495 3057 solvenda
1522 2989 1565 3058 sit
1592 2988 1767 3076 disciplina
1788 2987 1949 3059 militaris,
1974 2991 2059 3071 Huic
2081 2992 2175 3067 iusti·

1188 3075 1256 3143 tiae
1276 3086 1479 3162 temperatae
1500 3080 1660 3171 ἐπιεικείᾳ,
1688 3090 1834 3166 cognata
1862 3088 1914 3144 est
1935 3079 2174 3155 misericordia

1189 3162 1256 3230 Sed
1289 3174 1398 3228 tamen
1429 3160 1529 3228 latius
1562 3177 1658 3250 paret
1689 3164 1937 3241 misericordia3
1972 3167 2049 3252 quia
2080 3162 2175 3232 addit

184 3251 297 3314 lis-tote
318 3250 545 3315 saismtcordass
598 3241 671 3325 Ad
702 3241 813 3352 quod
844 3252 1107 3354 praeceptum
1160 3251 1286 3323 ,etiam
1308 3249 1415 3325 πάθος
1437 3251 1747 3317 commiserationis.
1776 3250 1937 3316 Ἐπιείκεια
1959 3262 2072 3338 potest
2094 3271 2175 3319 esse

544 3361 746 3474 pertinet?
1189 3337 1289 3401 etiam
1312 3337 1384 3403 sine
1407 3336 1706 3404 commiseratione.
1730 3338 1826 3404 Sicut
1846 3338 1945 3425 igitur
1966 3359 2033 3405 uon
2045 3350 2175 3425 pugnat

733 3427 742 3449 ⁹
1188 3427 1332 3486 ἐπιείκεια
1360 3443 1435 3487 cum
1462 3422 1604 3501 iustitia,
1636 3424 1684 3489 lta
1715 3444 1777 3490 nec
1802 3423 2032 3490 misericordia
2053 3426 2175 3492 evertit

1188 3509 1362 3584 iustitiam
1395 3510 1460 3573 imo
1495 3528 1532 3573 re
1559 3510 1633 3593 ipsa
1663 3524 1742 3576 sunt
1763 3531 1830 3576 una
1858 3526 1890 3574 et
1912 3512 2029 3576 eadem
2052 3513 2172 3590 virtus,

1189 3605 1252 3661 aut
1273 3605 1364 3661 certe
1387 3595 1596 3661 coniunctae.
2134 3646 2137 3650 ε

1279 3679 1464 3746 Discrimen
1486 3693 1538 3746 est
1560 3682 1650 3748 circa
1666 3683 1812 3761 obiecta,
1835 3682 2019 3748 secundum
2032 3681 2118 3788 plus
2141 3695 2175 3750 et

1189 3769 1309 3839 rninus.
1352 3766 1428 3832 Una
1445 3778 1480 3833 et
1500 3768 1617 3835 eadem
1640 3769 1762 3835 iustitia
1785 3765 1964 3856 aliquando
1987 3790 2006 3833 a
2043 3780 2057 3837 t
2078 3790 2175 3836 seve·

243 3562 455 3647 Respotsdeo.
517 3560 572 3627 Ad
606 3574 836 3648 praeceptums
892 3565 964 3628 Νοπ
996 3560 1139 3642 θυσίαις

156 3652 232 3736 quia
262 3649 489 3714 misericordia
519 3660 571 3714 est
599 3651 724 3728 virtus,
746 3667 833 3736 quae
853 3646 1000 3714 allicitur
1021 3644 1139 3713 dolore

154 3749 291 3819 propter
313 3733 438 3800 alienas
460 3736 630 3815 miserias,
664 3747 698 3800 et
720 3756 807 3823 quae
835 3754 933 3818 opem
961 3730 1026 3799 fert
1046 3735 1139 3800 iuxta
1159 3704 1169 3861 Ι

60 3894 66 3899 ,
154 3824 376 3926 uocationem,
399 3836 436 3924 et
454 3816 645 3900 t'aoultates,
667 3834 706 3928 et
723 3842 810 3908 quae
832 3823 959 3910 mitigat
975 3841 1139 3926 summum
1190 3854 1272 3934 rius,
1294 3851 1608 3941 aliquandomffius,
1629 3877 1691 3943 pm
1716 3852 2010 3941 ,mationem
2035 3853 2174 3922 &bilem

154 3929 207 3974 ¹¹¹⁵
233 3923 367 3994 1110111111
393 3907 538 3993 1111111111
566 3905 961 3994 1111111111111111111111111111·
1007 3906 1065 3972 ⁸¹⁰
1086 3928 1139 3972 111·
1160 3939 1167 4018 Ι
1190 3942 1277 4023 siam
1298 3935 1497 4020 liberalitas,
1518 3937 1601 4006 alias
1625 3946 1678 4007 est
1691 3877 1841 4028 largior,
1863 3940 1948 4006 alias
1971 3945 2175 4009 contractior

38 4049 41 4058 ·
156 4005 346 4080 8⁰⁰²0¹¹i⁰s²
1160 4038 1166 4058 ¹
1189 4028 1222 4093 ln
1245 4028 1374 4105 dando;
1396 4038 1429 4092 et
1450 4029 1670 4095 mansuetudo
1688 4048 1924 4117 nonnunquam
1940 4030 2173 4115 estasperior,
2242 4034 2244 4038 “

200 4171 401 4250 tremefactus
423 4179 474 4234 est
492 4172 590 4235 mma:
613 4165 848 4235 sicutdiciturs
870 4163 1000 4234 Βίαπάπ
1008 4174 1141 4250 potrmn
1190 4115 1608 4287 gffinugl‘lgssdgnffii's
1631 4114 1954 4268 Elovntpeodittcmparans
1993 4113 2172 4202 aliqnando

243 4269 362 4338 amma
381 4260 468 4336 foas
487 4255 687 4337 immanem
707 4263 820 4321 naus:
1268 4246 1279 4280 ι
1778 4249 1786 4266 .

200 4344 424 4415 ίίίεπιίονάίιι
445 4351 497 4406 est
514 4341 735 4423 mdulaenttc:
1159 4317 1167 4572 ι

201 4429 289 4509 Erpa
301 4428 534 4505 mmericcrdm
555 4436 606 4495 at
625 4432 719 4495 mola

242 4599 455 4687 despondeo,
507 4599 604 4687 Nego
637 4598 826 4683 illitorum
857 4599 935 4687 quia
968 4608 1021 4663 est
1052 4595 1141 4665 mala
1192 4585 1310 4690 Quae
1341 4601 1436 4670 sunt
1472 4587 1596 4699 igliur
1632 4587 1818 4702 opposita
1849 4585 2174 4670 misericordiae?

154 4684 300 4755 definitio
322 4687 582 4769 misericordiae.
626 4684 703 4752 Non
725 4687 827 4751 dehet
845 4683 1073 4751 misericordia
1094 4685 1139 4751 in·

155 4772 258 4859 telligi
283 4776 325 4840 de
347 4771 552 4860 negligentia
574 4783 607 4838 et
624 4766 844 4855 relaxatione,
870 4791 955 4857 qnae
976 4767 1059 4839 nihil
1080 4793 1138 4856 pu
1278 4768 1403 4836 Eadem
1444 4783 1521 4836 sunt
1557 4782 1706 4837 extrema
1745 4769 1990 4835 misericordiae
2034 4771 2173 4850 viciose,

154 4864 232 4944 uim.
278 4860 498 4948 Magistuatus
520 4857 697 4963 negligens
719 4858 839 4941 instro
862 4854 987 4936 officio,
1009 4870 1049 4925 -et
1071 4877 1139 4931 uon
1161 4852 1165 4907 l
1191 4876 1277 4944 quae
1298 4857 1395 4920 etiam
1418 4856 1561 4921 iustitiae
1582 4876 1742 4936 severae,
1776 4870 1809 4920 et
1837 4861 1997 4929 ἐπιεικείας
2024 4869 2173 4923 extrema

152 4945 505 5033 puntonsraaulantnr
535 4958 568 5014 et
589 4943 754 5025 scelerate
780 4941 963 5022 facientes,
989 4965 1059 5015 nou
1087 4955 1139 5021 est
1161 4910 1166 5022 l
1191 4953 1280 5021 sunt,
1303 4940 1457 5008 videlicet
1479 4940 1672 5022 erudelitas,
1694 4955 1728 5008 et
1748 4940 1964 5028 indulgentia.

151 5034 358 5123 prisericora
381 5058 445 5103 nec
467 5044 579 5121 potest
599 5053 638 5100 se
660 5051 825 5100 excusare
846 5041 1021 5117 praetextu
1042 5031 1139 5112 ¹11th-
1162 5027 1167 5097 l
1279 5026 1469 5094 Crudelitas
1491 5040 1545 5094 est
1565 5032 1683 5114 punire
1705 5046 1773 5094 non
1794 5028 1996 5115 puniendos,
2018 5040 2076 5095 aut
2097 5048 2173 5096 exa·

154 5114 329 5198 riom-diae,
353 5143 439 5208 quac
461 5120 563 5189 habet
583 5119 647 5188 hos
670 5120 808 5208 gradus.
1127 5145 1131 5151 ·
1192 5135 1329 5202 sperare
1360 5134 1487 5199 poenas
1521 5135 1624 5203 supra
1658 5117 1792 5181 modurn
1824 5110 1944 5180 delicti.
1993 5112 2055 5180 Est
2086 5115 2174 5181 enim
