4620 5588
143 162 230 260 alt-
784 191 897 260 rau.
919 190 1025 288 neu.
1047 190 1236 260 scamna
1258 189 1524 258 mannum
1611 292 1615 298 .
1728 142 1730 151 ’
2099 186 2185 258 eno¹

145 379 186 447 tt:
207 402 228 447 a
249 380 361 461 Patre,
394 380 479 447 Filio
514 395 546 447 et
580 381 706 469 Spiritu
728 394 867 462 sancto,
902 397 934 449 et
962 397 1071 448 tamen
1095 382 1132 448 iit
1205 379 1335 447 elehret.
1401 381 1496 446 Sicut
1519 377 1591 445 ἵετε
1613 400 1729 447 omnes
1756 378 1957 465 Prophetae,
1977 395 2010 445 et
2032 382 2067 445 ln
2090 379 2169 446 aliis

145 487 208 554 per
231 465 356 536 Filium.
383 481 386 488 ·
423 468 501 534 Dan
521 471 566 533 ist
588 490 641 534 orn
663 477 770 534 er‘rtcn
798 470 840 534 de
862 470 1131 534 communissima
1182 403 1284 546 locis,
1308 478 1341 532 et
1363 469 1419 554 qui
1441 463 1575 532 suerunt
1595 465 1862 552 Hierosolymae,
1884 464 2017 531 luerunt
2046 487 2088 531 ex
2110 468 2168 532 tri·

148 556 302 620 doctrina
322 553 504 633 miraculis,
527 575 614 641 quae
636 576 738 641 saepe
760 557 928 640 repetitur.
972 555 1048 619 Non
1073 576 1131 620 vo·
1184 557 1231 620 bu
1252 550 1472 619 Sacer-dotati.
1516 551 1609 618 Elias
1632 554 1716 619 cuch
1737 555 1803 618 ond
1832 553 2000 617 ieremias
2044 554 2168 619 Esaias

147 638 184 706 lo
206 639 340 726 singula
362 643 427 706 iam
450 652 614 717 tractare:
644 643 816 707 veniamus
839 643 883 707 ad
904 642 1128 706 narrationem
1184 643 1228 705 iot
1261 661 1302 704 ex
1335 641 1424 704 trihu
1458 639 1537 704 luda
1569 659 1721 725 percescn.
1788 637 1880 704 Elias
1909 649 2017 704 autem
2038 638 2101 705 fuit
2124 660 2169 707 ex

148 724 356 812 Evangelii*
1184 726 1366 808 horonitis
1390 747 1431 790 ex
1454 729 1650 810 posteritate
1677 726 1834 791 Aaronis.
1886 725 1962 790 Una
1985 747 2057 791 com
2077 726 2169 791 lera-

229 811 361 897 'ltpgori
428 813 734 901 Archisynagogus
762 816 854 878 venit
881 815 923 878 ad
946 811 1132 878 Christum:
1156 856 1161 876 .
1184 813 1249 876 mia
1270 815 1332 877 ista
1353 812 1429 876 lticr
1450 814 1493 876 im
1515 820 1598 885 teat,
1629 814 1718 899 quod
1748 810 1847 878 luerit
1862 832 1912 876 ex
1935 813 2024 878 trihu
2045 811 2185 878 Sacer--

146 898 208 967 ihr
228 899 306 963 habt
327 901 388 964 der
409 903 552 983 warpei
571 900 659 964 nicht
675 902 740 965 ciet
747 900 876 984 potnit,
899 902 980 964 dors
1001 902 1053 963 eir:
1075 901 1132 963 do·
1185 895 1299 962 dotali.
1854 904 1857 911 “
2148 930 2151 943 ·

149 996 226 1050 ctor
246 1006 285 1049 zn
307 984 443 1050 Christo
461 986 601 1051 toronica
622 1007 694 1070 rep,
729 989 785 1051 ubi
819 989 851 1050 in
871 985 1037 1051 Christum
1061 930 1162 1049 cre-l
1271 983 1462 1048 Observata
1480 985 1567 1049 hanc
1590 985 1877 1049 consuetudinem:
1912 982 1947 1047 ln
1981 983 2058 1050 aliis
2082 980 2171 1050 locis

150 1062 291 1137 diderint
312 1070 493 1151 Doctores,
515 1074 600 1137 sicrrt
622 1071 680 1136 ille
703 1071 757 1135 hic
787 1074 937 1137 credidit.
983 1071 1045 1136 llic
1069 1072 1132 1135 Ar·
1184 1065 1318 1135 suerunt
1351 1069 1566 1156 synagogae,
1601 1071 1720 1146 idest,
1755 1072 2047 1156 congregationes.
2115 1075 2170 1137 Da

150 1155 401 1244 chisynagogus
424 1156 485 1223 tuit
507 1155 613 1224 lector
636 1161 669 1223 in
692 1155 750 1222 illo
777 1160 899 1242 oppido
933 1159 1063 1238 vicino,
1095 1177 1134 1222 za
1184 1157 1259 1220 sirrd
1288 1157 1341 1220 die
1373 1158 1438 1220 tent
1469 1176 1648 1221 zosamnrcn
1666 1156 1857 1240 cenomanen,
1892 1168 1925 1222 et
1947 1159 1979 1221 in
2002 1154 2069 1222 illis
2097 1154 2171 1223 sue·

149 1243 198 1309 Ua
223 1265 369 1309 ernaunr.
413 1244 456 1308 Et
485 1245 539 1310 hic
563 1245 776 1309 considerate
805 1265 930 1309 morem
953 1247 1050 1309 istius
1072 1266 1132 1329 po·
1185 1254 1261 1306 runt
1284 1243 1453 1320 homines,
1488 1244 1543 1329 qui
1565 1243 1769 1326 interpretati
1792 1254 1871 1307 sunt
1894 1242 2099 1329 Prophetas,
2133 1254 2172 1309 et

125 1374 136 1391 ,
173 1266 231 1396 ull.
297 1330 373 1395 Nou
397 1328 521 1394 licebat
545 1331 675 1396 ludaeis
705 1330 897 1397 sacrificare
925 1333 987 1394 nisi
1010 1333 1042 1394 iu
1064 1351 1133 1396 uno
1185 1325 1311 1413 legem:
1335 1329 1401 1414 qui,
1425 1330 1489 1392 etsi
1512 1331 1608 1393 etiam
1632 1326 1765 1393 luerunt
1789 1349 1828 1399 ex
1849 1330 1934 1393 tribu
1947 1329 2173 1408 sacerdotali,

149 1350 250 1495 loco,
280 1415 409 1481 scilicet
432 1418 488 1482 uhi
511 1431 583 1481 erat
611 1414 781 1502 templum.
847 1416 988 1482 Tantum
1010 1419 1044 1481 in
1066 1418 1132 1481 isto
1184 1425 1378 1479 nontamen
1402 1414 1647 1494 sacrificabant,
1680 1415 1821 1478 eoadem
1849 1417 2034 1500 predipten,
2063 1418 2169 1489 tarem

151 1499 228 1568 loco
251 1500 376 1567 licebat
399 1502 471 1568 fieri
493 1503 713 1568 mactationes
736 1502 955 1568 victimarum.
1110 1528 1113 1533 ·
1185 1514 1217 1565 et
1240 1516 1316 1586 post
1336 1499 1510 1565 lectionem
1534 1499 1635 1565 tiebat
1656 1503 1817 1584 precatio,
1840 1505 1898 1565 mic
1920 1503 2003 1567 crach
2025 1503 2083 1588 hey
2104 1522 2170 1568 tnta

805 1644 809 1651 .
1185 1589 1247 1652 der
1268 1588 1390 1653 brooch
1410 1589 1464 1666 iat,
1497 1588 1578 1652 dnos
1608 1607 1683 1652 mon
1714 1588 1798 1652 noch
1827 1591 1887 1652 der
1918 1589 2051 1674 predipt
2072 1589 2169 1654 hetet.

410 1680 546 1783 Quam
578 1682 632 1764 Ob
664 1680 880 1768 caussam?
1185 1673 1264 1738 Nan
1285 1676 1397 1738 notior
1418 1676 1479 1738 wir
1499 1681 1596 1740 etwas
1617 1693 1677 1740 oca
1699 1676 1769 1739 dem
1797 1675 1909 1739 letzton
1931 1673 2091 1741 miraculo
2114 1697 2187 1742 ra·-

1206 1779 1255 1824 en.

240 1844 335 1910 Deus
358 1845 462 1911 voluit
485 1868 583 1911 arrum
607 1866 684 1911 esse
707 1844 884 1931 templum,
934 1846 1001 1910 uod
1030 1857 1132 1924 esset,
1181 1782 1206 1845 9

151 1933 258 1999 atita
281 1933 401 2011 dicam,
425 1933 526 1997 sedes
548 1929 856 2018 archiepiscopalis.
953 1934 1134 2017 trespexit
1518 1969 1553 2052 f.
1634 1975 1642 1990 .
1694 1974 1702 1990 .
1835 1975 1844 1991 .

150 2020 248 2084 istan·
281 2016 471 2097 utilitatem3
502 2021 579 2106 quia
612 2017 716 2084 voluit
740 2039 819 2083 csse
853 2038 1065 2092 consensum,
1100 2031 1132 2082 et
1184 1971 1482 2082 Exemplum
1541 1973 1645 2111 ldet
1691 2003 1739 2055 ¹¹¹
1771 1974 1918 2079 Imma
1960 1989 2012 2058 et
2053 1990 2169 2060 ten·

151 2107 312 2171 unitatem
336 2103 457 2183 cultus,
482 2119 514 2170 et
535 2102 669 2170 facilius
693 2107 852 2170 retinetur
881 2106 988 2169 onitas
1012 2105 1133 2169 doctri·
1541 2104 1814 2176 iailonum.

150 2211 216 2256 nae
238 2203 271 2255 et
295 2189 457 2256 cultuum:
490 2193 624 2276 quando
653 2212 721 2256 non
750 2204 828 2256 sunt
851 2188 953 2256 multa
976 2188 1132 2276 collegia,

152 2277 300 2342 distracti
314 2289 443 2358 coetus,
465 2289 499 2342 et
520 2288 573 2341 est
588 2279 771 2343 auctoritas
787 2298 891 2360 penes
909 2298 1010 2341 unum
1023 2287 1133 2360 caput,
1271 2272 1346 2338 Fuit
1366 2274 1400 2338 in
1423 2273 1507 2338 lairo
1530 2297 1651 2362 magna
1673 2275 1770 2342 tides.
1832 2277 1881 2342 Er
1909 2277 2017 2361 lompt
2042 2280 2084 2343 ad
2115 2279 2188 2344 Fi·-

150 2382 255 2447 penes
277 2385 378 2427 utrum
405 2364 633 2442 sacerdotem,
667 2376 744 2427 sunt
771 2366 880 2427 omnia
911 2359 1065 2446 copulata
1088 2363 1131 2426 ad
1182 2357 1262 2424 lium
1285 2359 1365 2439 Dei,
1387 2369 1461 2445 sapt
1478 2381 1516 2424 za
1536 2361 1617 2426 ihm:
1648 2363 1803 2441 Doniine,
1878 2367 1906 2430 'a
1933 2386 2004 2431 rnen
2035 2373 2171 2432 marco

150 2450 247 2514 unios
267 2446 482 2514 voluntatem.
513 2451 569 2515 Sic
591 2446 723 2514 facilius
746 2452 907 2515 retinetur
928 2450 1132 2514 coniunctio:
1156 2427 1161 2527 l
1184 2453 1249 2510 ert:
1271 2447 1338 2510 aad
1360 2448 1403 2510 im
1425 2444 1540 2512 Marco
1563 2448 1665 2514 rtehet
1686 2470 1731 2529 es,
1764 2470 1803 2514 cr
1834 2365 1916 2516 illae
1946 2454 2012 2516 ciet
2031 2452 2171 2537 impedi·

151 2536 226 2601 ideo
249 2535 343 2601 Deus
365 2537 399 2599 in
422 2534 479 2600 illo
493 2533 614 2620 populo
626 2534 732 2601 voluit
755 2557 833 2601 esse
851 2537 982 2601 unicum
1007 2547 1133 2599 tantum
1156 2531 1161 2600 l
1184 2543 1295 2597 merita
1313 2531 1443 2617 pedabt.
1488 2533 1632 2600 Erattich
1653 2535 1786 2621 reliquit
1808 2557 1893 2617 eam,
1916 2558 1990 2602 cum
2014 2539 2169 2604 discede·

151 2619 322 2707 templum,
344 2623 400 2686 ubi
424 2622 542 2686 fierent
570 2623 807 2688 mactationes:
842 2619 947 2687 voluit
978 2622 1040 2686 ihi·
1057 2640 1134 2686 esse
1156 2613 1160 2685 l
1184 2631 1248 2697 ret,
1266 2631 1422 2705 agentem
1445 2620 1606 2697 animam:
1629 2623 1747 2688 deinde
1766 2636 1950 2709 sequuntur
1977 2644 2051 2688 eum
2073 2625 2170 2690 mini·

150 2708 334 2792 principale
357 2705 548 2795 collegium,
571 2710 614 2774 ad
638 2711 727 2794 qaod
751 2721 885 2775 caetera
897 2710 1007 2775 omnia
1030 2709 1135 2794 respi-
1184 2707 1264 2783 stri,
1297 2719 1329 2769 et
1352 2707 1502 2771 nuntiant
1523 2705 1569 2771 illi
1589 2706 1689 2776 tiliam
1719 2711 1896 2775 extinctam
1924 2730 2020 2786 esse:
2054 2712 2171 2776 wodan

151 2808 281 2861 cereut:
305 2796 446 2860 wieder
466 2814 542 2860 cerr
564 2794 663 2860 haist:
1184 2790 1241 2856 ihn
1257 2793 1359 2856 wider
1378 2792 1497 2856 znruclr
1514 2797 1655 2872 rotroco,
1688 2816 1805 2881 sapen:
1839 2796 1884 2861 Er
1912 2799 1956 2861 iat
1976 2798 2167 2882 corcoiaco,

1185 2876 1270 2941 Noti
1298 2899 1421 2943 oerore
1453 2883 1659 2963 moyrhtrnm:
1688 2886 1748 2948 tint
1773 2884 1915 2948 abactis
1933 2892 2167 2968 prosteriora.

1185 2965 1340 3048 Oportuit
1360 2966 1461 3050 igitur
1481 2966 1513 3029 in
1537 2987 1578 3030 eo
1601 2988 1679 3031 esse
1703 2989 1856 3054 magnam
1875 2969 1992 3049 fidem,
2021 2989 2169 3035 necesse

240 3049 274 3115 ld
295 3064 359 3130 est,
381 3052 519 3116 Beatam
582 3053 706 3135 pidum,
728 3050 816 3135 qnod
828 3052 922 3117 nttdr't
930 3071 1024 3115 onom
1033 3069 1132 3134 prce·
1155 3019 1161 3170 Ι
1185 3062 1238 3113 est
1270 3069 1345 3114 eum
1378 3052 1538 3116 statuisse
1570 3051 1660 3118 hunc
1689 3051 1787 3119 tilium
1812 3075 1890 3119 esse
1913 3054 2082 3133 hlessiam,
2106 3056 2169 3121 do·

151 3137 339 3203 dictatorem.
406 3137 507 3203 Scitis
530 3135 621 3202 ilum
645 3150 784 3214 statam,
819 3139 960 3201 caeteris
990 3139 1133 3202 statibus
1156 3177 1161 3228 Ι
1184 3137 1307 3199 minum
1329 3138 1458 3215 mortis,
1481 3148 1513 3200 et
1537 3138 1686 3204 datorem
1710 3142 1814 3221 ritae:
1843 3139 2004 3206 intellexit
2025 3143 2171 3227 promis-

150 3235 262 3289 tauren
284 3220 498 3300 antecellere,
520 3224 655 3309 quando
677 3245 764 3289 unus
783 3220 903 3309 aliquis
931 3235 1076 3307 praeest,
1099 3234 1132 3288 ct
1156 3230 1161 3279 t
1184 3223 1312 3286 sionem
1347 3223 1388 3286 de
1423 3224 1634 3290 restitutione
1662 3227 1807 3291 iustitiae
1832 3229 1974 3292 civitae
1996 3239 2169 3311 aeternae,

152 3311 268 3375 ordine
291 3312 455 3397 gubernat
488 3309 651 3388 homiues,
684 3307 739 3374 ille
762 3307 894 3374 facilins
916 3312 1033 3374 retinet
1057 3330 1131 3374 con·
1156 3286 1161 3352 l
1185 3319 1218 3372 et
1239 3305 1331 3372 illam
1355 3308 1565 3394 Prophetiam
1589 3311 1720 3384 Esaiae,
1753 3315 1798 3378 dn
1828 3320 1885 3378 mit
1906 3313 2021 3379 ktoren
2043 3323 2171 3379 :corten

216 2909 218 2913 ⁷
271 2930 424 3012 Eddninor
444 2938 627 3018 πτολίεθρον
649 2932 713 3007 iric
734 2932 860 3018 κήρυκος
878 2930 1002 2996 o’nodov:

40 3438 42 3442 ψ
150 3397 369 3477 iunctionem,
409 3395 654 3482 copulationem
688 3409 722 3461 et
756 3397 992 3475 obedientiam,
1034 3417 1132 3482 quam
1184 3393 1302 3460 stellet:
1324 3395 1428 3459 Pater
1448 3400 1579 3461 cantari
1598 3401 1706 3463 reniti.
1745 3398 1901 3465 Testatur
1922 3421 1998 3467 eum
2018 3399 2169 3466 futurum

151 3485 284 3569 quando
308 3481 399 3549 multi
424 3493 592 3568 praesunt.
622 3482 789 3547 Interdum
812 3481 1009 3547 hlonarchia
1032 3485 1132 3568 dege·
1185 3482 1352 3546 domiuum
1375 3484 1503 3561 mortis,
1526 3485 1730 3550 et‘datorem
1754 3488 1842 3550 vitae
1865 3498 2030 3551 aeternae.
2066 3486 2168 3552 ltem:

151 3581 248 3634 nerat
269 3572 303 3633 in
326 3569 566 3656 Tyrannidem3
589 3571 649 3634 sed
669 3570 802 3655 quando
825 3580 876 3632 est
897 3581 1007 3633 status
1030 3589 1132 3654 popu·
1185 3566 1217 3632 0
1237 3587 1337 3646 mors,
1359 3588 1418 3632 ero
1439 3579 1616 3634 :nora-ton.
1662 3571 1754 3649 ltem,
1778 3575 1810 3636 in
1828 3571 1929 3635 Esaia
1949 3575 1994 3637 ist
2014 3573 2097 3637 noch
2114 3574 2170 3637 cin

150 3653 249 3733 laris,
267 3657 318 3720 'et
340 3658 376 3720 lit
393 3656 542 3742 ἀναρχία,
574 3675 612 3721 so
632 3655 694 3720 ista
714 3657 766 3719 eia
786 3657 852 3720 ciel
871 3675 985 3739 erpere
1006 3654 1132 3742 'lyran-
1184 3651 1347 3719 illustrius
1365 3656 1600 3735 testimouium,
1624 3679 1699 3722 cum
1726 3660 1845 3743 inquit:
1879 3657 1988 3725 Veniet
2009 3659 2169 3739 Mettius,

151 3742 216 3820 nie,
249 3744 302 3807 oie
329 3741 539 3821 hlonarchia,
568 3743 614 3807 dn
645 3743 711 3805 will
743 3743 795 3805 ein
827 3743 919 3805 iader
951 3740 1031 3807 herr
1052 3743 1131 3808 adn.
1152 3710 1162 3791 l·
1185 3749 1216 3805 et
1237 3742 1376 3806 incolcet
1395 3749 1539 3819 morteto,
1563 3751 1593 3807 et
1610 3745 1844 3827 praecipitabit
1872 3765 1942 3809 eom
1970 3746 2011 3810 de
2042 3753 2185 3810 monte:

150 3829 244 3893 Sicut
266 3830 370 3914 inquit
393 3827 616 3893 Aristoteles:
639 3828 807 3894 Seditiosn
831 3827 1057 3908 Democrotin,
1085 3837 1135 3893 est
1186 3847 1272 3912 quae
1295 3838 1348 3891 est
1370 3824 1469 3892 valde
1486 3829 1627 3913 insignis
1657 3832 1832 3895 sententia.
1877 3830 1947 3896 llas
1968 3831 2180 3916 prophetias¹

149 3916 292 4000 pessima
318 3915 502 4000 Tyrannio:
526 3912 759 4000 Unusquilibet
780 3915 813 3978 in
825 3913 1039 3980 Democratia
1062 3913 1133 3979 vult
1185 3925 1220 3977 et
1242 3933 1359 3977 omues
1393 3911 1477 3976 alias
1511 3916 1756 3998 praedictiones
1789 3918 1831 3982 de
1864 3929 2005 3983 venturo
2026 3916 2180 3998 Messio,

153 4021 231 4066 esse
252 4000 441 4087 TyrannuS,
462 4004 521 4067 οοὶε
543 4001 597 4066 ihr
617 4001 705 4066 sehet
728 4000 812 4066 anch
832 4002 865 4065 in
878 3999 1042 4066 Ecclesia.
1065 4000 1133 4066 lam
1156 3994 1162 4045 ¹
1184 3996 1345 4065 intellexit
1366 3997 1608 4085 proculdubio
1630 4000 1685 4065 hic
1707 4003 1804 4068 lairo.
1870 4002 1950 4068 ltem
1973 4001 2095 4069 Daniel
2116 4006 2168 4068 iu·

151 4086 378 4172 unusquilibet
409 4085 480 4153 vult
512 4109 592 4153 esse
613 4087 804 4164 Lutherns,
839 4082 1161 4160 interamnensi
1185 4086 1613 4172 quttmnaaspeinactten
1633 4098 1769 4154 corten.-
1795 4089 1883 4155 lbnc
1903 4092 2008 4155 cadet
2023 4089 2169 4157 Sanctae

149 4172 293 4251 machao,
316 4176 347 4238 in
371 4175 492 4240 throno
512 4173 694 4261 episcopali
717 4175 827 4253 nitzen,
849 4173 1036 4239 hlonarcha
1054 4177 1135 4252 ser‘n,
1157 4168 1162 4235 1
1184 4181 1379 4255 sanctornm,
1402 4182 1434 4237 et
1456 4173 1637 4257 abolebitur
1651 4184 1835 4257 peccatum,
1864 4185 1897 4240 et
1913 4176 2064 4242 Gnatus
2081 4179 2184 4242 orci-v

150 4261 219 4324 aad
241 4264 293 4323 ein
314 4280 399 4325 newa
415 4260 486 4326 iehr
503 4260 711 4346 tnrbrinpen,
730 4268 808 4345 pate
830 4268 905 4344 tape
927 4258 1044 4335 hohor,
1065 4261 1134 4324 aad
1185 4261 1293 4334 datar,
1304 4266 1336 4322 et
1347 4259 1481 4324 dabitur
1492 4260 1585 4325 nohis
1596 4263 1723 4328 institia
1735 4265 1945 4346 serpiterna:
1968 4263 2057 4348 Erpa
2069 4271 2100 4328 et
2111 4284 2166 4328 re-

146 4349 330 4411 aerreirscn
353 4350 418 4413 otte
439 4349 518 4433 dinp
540 4368 579 4414 so
599 4346 791 4414 iernmcrtich
812 4348 879 4411 trad
894 4348 1032 4432 etntdtq,
1053 4347 1134 4413 dara
1184 4347 1295 4411 miant'o
1314 4354 1520 4429 peccatorum
1541 4347 1689 4425 dabitur,
1710 4362 1744 4414 ct
1766 4350 1959 4414 restituetur
1975 4350 2167 4415 nobisvita.

147 4452 186 4499 ct
206 4453 246 4497 za
266 4433 432 4498 erhormen
452 4437 507 4500 ist.
1183 4431 1319 4497 Esaias:
1343 4431 1484 4511 Qondo
1503 4443 1604 4516 portet
1622 4438 1763 4500 animam
1784 4454 1876 4501 anam
1898 4435 2019 4520 λύτρον,
2043 4437 2169 4502 oidcbd

179 4570 182 4575 .
237 4516 297 4584 Do
318 4519 429 4599 heiste,
450 4520 591 4586 Beatum
613 4520 783 4605 oppidum,
806 4519 896 4605 quod
920 4517 1011 4582 audit
1033 4539 1132 4584 uuum
1184 4537 1289 4584 samo:
1310 4519 1511 4604 longaevam,
1537 4521 1689 4586 restituet
1710 4522 1823 4599 vitam,
1847 4519 1993 4586 abolebit
2013 4535 2166 4587 mortem.

143 4605 427 4690 praedicatorem.
490 4605 633 4671 Videtur
667 4605 798 4691 quidem
827 4616 936 4670 status
959 4602 1132 4689 popularis
1183 4603 1381 4690 Ubicunque
1404 4616 1482 4670 sunt
1504 4603 1584 4671 talia
1605 4609 1805 4685 testimonia,
1829 4627 1903 4691 cunr
1924 4607 1966 4671 iis
1988 4604 2166 4674 conseran-

148 4712 230 4758 cssa
264 4693 374 4757 mitior
403 4704 436 4758 et
457 4690 574 4758 melior
601 4692 806 4779 Tyrannide,
841 4690 896 4757 vel
924 4689 1132 4764 Monarchia,
1184 4704 1237 4756 tur
1253 4690 1500 4775 miraculaista,
1522 4693 1711 4773 diomedea,
1733 4695 1814 4758 dass
1834 4712 1869 4757 es
1890 4694 2167 4780 deraethtpeMcn

53 4788 60 4795 ’
150 4776 331 4844 Durchntar
348 4780 428 4845 aber
455 4781 555 4844 ister
577 4778 681 4845 multo
710 4780 867 4843 deterior.
911 4780 993 4843 Atro
1015 4778 1131 4843 istria
1183 4797 1249 4863 sep,
1272 4779 1361 4862 quod
1383 4780 1456 4861 ipse
1479 4779 1523 4843 sit
1539 4777 1597 4845 ille
1619 4781 1804 4866 promissus
1823 4778 1969 4845 Messias
1991 4794 2088 4866 poter
2108 4801 2166 4847 ac·

149 4864 215 4930 ista
238 4862 352 4950 politia
373 4865 457 4931 cuch
476 4885 628 4951 pcaeren.
672 4866 751 4929 Gott
772 4863 848 4928 data
871 4864 943 4929 ano
962 4865 1132 4948 peordnct,
1156 4915 1159 4927 .
1183 4865 1268 4929 terni
1291 4862 1409 4943 seculi,
1433 4867 1627 4932 destructur
1648 4867 1764 4931 mortis
1787 4874 1820 4929 et
1840 4867 2046 4932 instaurator
2075 4869 2165 4936 vltao

149 4951 232 5017 dora
263 4970 327 5015 aar
359 4954 410 5016 ein
431 4949 590 5035 templum
611 4953 645 5015 in
662 4948 787 5035 populo
817 4949 952 5016 ladtdco
972 4954 1017 5015 iat
1030 4970 1131 5035 peroc-
1155 4931 1160 5001 l
1182 4960 1349 5016 aetermc.

148 5057 218 5117 aaa,
247 5039 315 5104 rond
341 5039 484 5104 dacethrt
505 5038 564 5105 hot
590 5057 628 5104 er
648 5037 704 5102 hin
722 5035 882 5122 poordnet
911 5039 964 5102 dte
977 5008 1161 5135 farneti-ff
1270 5035 1363 5102 Hace
1392 5057 1592 5124 quamquam
1620 5047 1699 5104 sunt
1721 5056 1824 5120 opera
1844 5040 1946 5103 totius
1968 5037 2164 5118 divinitatis,

148 5124 254 5191 liciam
274 5127 339 5191 tent
359 5145 401 5192 ax
421 5125 509 5193 trihu
531 5122 759 5202 Sacerdotali‚
787 5122 842 5188 dic
861 5121 967 5190 haben
987 5124 1132 5190 amaon
1156 5138 1159 5174 ¹
1182 5133 1294 5191 tamen
1325 5123 1410 5190 liunt
1441 5144 1503 5210 par
1533 5123 1622 5191 hano
1651 5143 1844 5208 personam,
1877 5144 1964 5212 quae
1985 5136 2040 5235 cst
2058 5123 2166 5193 Filius
