4620 5588
156 173 222 246 “7
310 275 316 284 ε
379 199 381 202 ·
795 174 906 243 Pillb.
928 173 1032 242 MEL.
1053 171 1243 241 scalers
1262 171 1528 242 emeritos.
2110 171 2178 240 bld

157 367 318 449 porticum
339 375 478 450 propter
509 367 664 432 vinalem
680 366 715 430 in
737 363 861 431 militia.
905 365 937 430 3.
960 363 1141 430 Praeterea
1192 366 1273 431 scite
1294 386 1317 431 o
1338 385 1396 444 me,
1418 365 1497 450 quic
1516 364 1604 430 mitis
1625 383 1707 443 utta,
1729 364 1900 445 abundis
1909 364 2020 431 corde.
2042 361 2174 430 Utrum·

157 471 227 518 uon
248 455 371 516 mansit
397 451 564 517 Antonius
592 454 678 518 intra
707 465 831 531 metus,
864 472 899 514 cr
926 452 1017 513 wolts
1045 450 1143 513 allois
1193 472 1256 538 que
1279 451 1417 537 prodest
1438 453 1547 516 nobis.
1591 449 1653 516 Est
1686 448 1834 516 humilis:
1869 450 1962 537 Ergo
1994 471 2062 516 non
2095 470 2176 516 con·

158 557 247 622 sepa.
265 537 428 603 Habebat
449 536 577 617 Asiam,
598 537 826 603 florentiorem
848 550 977 625 partem
998 538 1141 624 imperii,
1192 539 1319 617 temnit,
1342 559 1409 606 non
1432 538 1572 624 despicit
1593 557 1669 602 nos.
1713 537 1775 603 Est
1797 539 1903 603 mitis=
1927 557 2008 624 ergo
2030 534 2176 604 allicitur

159 635 194 692 ct
215 624 281 688 bac
302 634 413 688 tamen
435 621 570 688 nolebat
593 644 671 688 esse
694 637 883 705 contentus,
904 625 970 687 rard
991 623 1141 687 botdoed
1192 625 1419 690 misericordia
1442 626 1560 690 nostri.
1587 621 1650 690 llla
1672 625 1896 705 considerate,
1913 636 1947 690 et
1969 624 2176 689 exsuscitate

158 710 249 777 stedr
267 709 400 796 pedobt,
428 709 512 774 doro
545 709 623 793 cuff
650 710 761 778 diesen
794 721 851 796 top
884 731 961 797 seyn
981 733 1057 796 mog
1078 712 1141 776 dua
1191 729 1256 777 vos
1279 711 1321 776 ad
1344 712 1589 797 precationem,
1622 721 1656 777 et
1689 707 1860 778 celebrate
1893 711 2077 776 Sabbatum
2108 729 2177 776 una

181 805 274 863 antu
303 794 482 860 Porrecto
514 796 634 865 Ret‘cb:
666 794 810 863 Volebat
844 799 943 863 etiam
976 795 1140 884 reliquum
1192 818 1267 863 cum
1290 796 1447 876 Domino,
1479 798 1634 864 adiuvate
1668 799 1958 863 conservationem
1988 797 2175 877 ministerii,

156 818 335 968 lmperium
347 881 531 948 Romanum
543 884 709 948 obtinere:
732 881 868 948 volebat
880 881 974 950 solus
986 904 1139 971 regnare.
1192 895 1227 950 et
1256 884 1425 972 adiungite
1447 895 1582 949 vestras
1603 903 1724 969 preces
1753 885 1796 950 ad
1820 886 1964 973 gemitus
1995 894 2028 949 et
2050 880 2176 949 clamo·

159 970 192 1036 t.
216 969 296 1058 item
331 969 471 1054 despicit
493 968 694 1056 Augustum.
737 969 769 1034 5.
800 969 954 1057 Denique
984 972 1141 1037 irascitur
1193 989 1249 1035 res
1271 967 1464 1050 Ecclesiae,
1486 967 1568 1053 tettt
1595 970 1678 1036 aucit
1699 971 1817 1042 litteo,
1844 972 1907 1035 uit·
1932 969 2083 1054 Merra
2111 971 2177 1036 ulle

77 1089 81 1101 =
159 1054 291 1122 Deoia
321 1056 455 1140 poenis,
477 1056 549 1141 ipse
571 1055 636 1120 sibi
665 1057 846 1122 consciscit
871 1067 1022 1123 mortemt
1065 1056 1142 1122 Dos
1193 1055 1285 1122 wodl.
1911 1064 1916 1073 “

160 1142 243 1209 laist
265 1141 441 1226 Superbia.
910 1223 915 1231 Ι

246 1226 394 1293 Econtra
417 1224 573 1293 lonatbas
596 1239 650 1294 est
667 1225 928 1305 humilis,-timet
939 1226 1058 1301 Deum,
1078 1229 1142 1293 seit

161 1332 201 1380 se
225 1334 290 1379 non
312 1332 416 1399 posse
433 1332 510 1378 esse
520 1335 634 1398 parem
646 1334 767 1401 regno:
792 1313 941 1400 Cogitat:
963 1314 1141 1380 Benescio
1317 1346 1380 1414 Ex
1401 1345 1661 1414 RHAPSOmA
1684 1346 1905 1415 fflssmns
1927 1346 2036 1414 ΑΝΝΙ

159 1399 314 1487 Regnum
337 1419 416 1504 esse
438 1420 508 1464 rem
531 1401 613 1465 tanti
636 1401 764 1475 oneris,
792 1403 846 1466 cui
876 1399 975 1466 bomo
999 1421 1065 1466 non
1089 1412 1141 1465 est
2037 1392 2047 1412 ⁶

160 1485 1142 1659 tttt2¹¹¹titt·tt‘ttttttttftgt‘tttdtdtldt
1366 1526 1477 1629 Quid
1508 1527 1709 1639 signifieat
1740 1525 1996 1613 Sabbatum?

180 1659 218 1723 cir
240 1660 306 1722 rot'il
325 1659 389 1722 dus
410 1678 549 1744 regnum
572 1657 651 1724 Gott
678 1661 727 1726 nit
753 1662 865 1729 stelen.
909 1660 965 1725 leb
993 1660 1047 1724 bin
1068 1661 1141 1724 mei·

163 1765 221 1810 nes
249 1743 367 1810 Vetera
397 1748 610 1828 capitaneus3
643 1748 707 1811 soil
736 1746 788 1810 iod
815 1746 962 1812 doruber
987 1747 1142 1812 ambitum·
1281 1742 1455 1830 Significat
1487 1757 1675 1831 utrumque,
1710 1745 1845 1810 diversa
1880 1741 2078 1829 scriptione:
2112 1743 2177 1808 Rc-

162 1851 244 1910 rnen,
267 1833 332 1895 will
348 1829 417 1896 icles
444 1831 527 1895 aucit
555 1832 669 1896 leidae,
715 1831 809 1898 Gerit
838 1853 893 1897 res
922 1829 1086 1898 salutares
1109 1843 1142 1897 et
1195 1831 1296 1916 panae,
1319 1838 1350 1895 et
1377 1832 1531 1916 septimas
1552 1833 1632 1897 dies.
1676 1831 1860 1898 Sabbatum
1888 1842 1962 1896 erat
1983 1833 2056 1896 dies
2078 1850 2176 1916 scep-

162 1915 283 1993 utiies;
305 1917 394 1983 videt
416 1918 480 1982 sibi
502 1917 624 1981 adesse
646 1916 766 1996 Deum,
788 1939 855 1984 non
878 1920 1018 2004 despicit
1039 1918 1141 1984 Davi·
1195 1918 1306 1997 timus,
1329 1938 1397 2005 quo
1419 1919 1595 2004 oportebat
1618 1918 1720 1982 omitti
1744 1936 1867 2003 operas
1891 1915 2046 1983 serviles.

164 2003 252 2083 dem,
285 2015 319 2068 et
351 2003 482 2068 subiicit
516 2025 554 2070 se
576 2002 650 2069 Deo
682 2006 714 2069 in
761 2025 857 2070 cena.
903 2005 950 2070 Er
970 2005 1072 2090 nimpt
1089 2007 1144 2071 die

163 2089 265 2156 lrotre
292 2090 396 2175 pter‘cb
428 2093 480 2156 uls
504 2110 567 2154 oon
596 2093 711 2155 scirem
732 2027 848 2176 loupt,
880 2093 948 2159 und
978 2099 1075 2158 setzet
1097 2094 1144 2159 sie

164 2174 286 2242 Davidi
308 2176 395 2259 ouff:
419 2176 467 2240 Er
487 2176 572 2242 betta
593 2177 717 2242 konnen
738 2180 903 2263 disputira
925 2179 966 2244 de
986 2179 1067 2243 iure.

1220 2249 1336 2353 Quae
1368 2260 1433 2333 est
1462 2279 1621 2333 summu
1652 2206 1835 2334 mandati
1866 2248 1920 2333 de
1951 2248 2161 2335 Sabbatol

229 2476 237 2492 .
438 2476 447 2519 :
810 2478 818 2494 .
1285 2432 1422 2499 Habetis
1454 2431 1710 2518 explicationem
1745 2430 1899 2519 decalogi
1933 2431 2121 2498 facillimam
2145 2445 2179 2498 et

165 2475 311 2558 Fuitne
343 2475 479 2558 Dav¹d
518 2476 611 2559 Rex
648 2506 900 2560 ⁸u⁰⁰e⁸³¹0¹¹⁰
938 2477 1145 2561 humana?
1199 2521 1489 2606 expeditissimam,
1512 2530 1547 2585 et
1568 2521 1654 2585 bene
1671 2520 1856 2585 ordinatam
1878 2531 2113 2606 quantumego
2130 2523 2178 2585 iu·

1199 2609 1311 2673 dicare
1346 2627 1494 2692 possum,
1529 2605 1564 2670 in
1597 2603 1714 2672 libello
1747 2604 1994 2671 Enarrrationis
2028 2603 2178 2693 symboli

264 2612 383 2712 ¹item
414 2630 607 2714 fuissetne
638 2632 740 2734 Rex,
778 2596 1023 2744 disputaudo
1068 2737 1072 2751 ..
1197 2693 1348 2760 Ntoeent.

561 2785 613 2867 de
645 2784 757 2868 iure?

252 2951 464 3055 Respondes.
478 2949 567 3054 'N‘on
590 2951 699 3036 agitur
721 2952 765 3015 ibi
785 2950 1067 3050 da‘successione
1083 2951 1143 3016 bu·
1241 2941 1456 3051 Distingue
1488 2939 1629 3022 ordine
1660 2950 1877 3055 praecepta
1909 2939 2135 3052 Deculogll

164 3059 275 3117 mana,
297 3038 357 3101 sed
379 3056 432 3102 rus
455 3037 600 3101 ditinum
623 3037 736 3102 tribuit
757 3035 878 3111 Daytdi
912 3057 1061 3121 regnum.
1096 3037 1144 3103 lo·

165 3124 288 3192 nothus
321 3126 365 3189 ist
398 3124 449 3188 ein
477 3123 568 3188 reclrt
596 3120 784 3209 exemplum
809 3107 1022 3188 humilitatis.
1068 3121 1145 3209 lpse
1286 3123 1394 3188 i’rima
1426 3119 1540 3189 tabula
1573 3122 1719 3190 continet
1747 3122 1931 3189 doctrinam
1966 3120 2077 3187 cultus
2100 3120 2177 3201 Dei,

166 3212 298 3278 sciebat
320 3231 397 3274 essa
419 3205 530 3289 alium,
548 3211 600 3274 cui
623 3210 946 3295 tribuaturregnum,
968 3211 1142 3297 etquidem
1198 3230 1265 3298 quo
1288 3210 1474 3275 immediate
1498 3230 1572 3274 cum
1594 3208 1671 3274 Deo
1693 3210 1831 3294 agimus.
1878 3210 2035 3276 Secunda
2065 3205 2176 3273 tabula

166 3297 337 3366 divinitus:
371 3297 499 3361 sciebat
532 3295 696 3362 Davidem
729 3315 807 3361 esse
841 3309 1006 3361 vocatum.
1051 3296 1145 3362 Hunc
1199 3297 1343 3364 eontinet
1366 3316 1482 3381 opera,
1510 3296 1629 3381 quibus
1652 3297 1840 3361 immediate
1863 3297 1993 3382 agimus
2022 3315 2097 3361 eum
2116 3291 2178 3358 bo·

165 3381 328 3450 louatban
350 3384 463 3468 ponite
485 3382 584 3448 vobis
603 3395 679 3448 ante
704 3381 832 3455 cordos,
863 3394 898 3449 ut
921 3384 1059 3447 discatis
1077 3385 1146 3447 imi·
1199 3385 1357 3458 minibus;
1379 3397 1413 3447 et
1435 3384 1463 3446 si
1486 3383 1571 3447 baec
1594 3383 1692 3447 etiam
1717 3378 1979 3448 suntrel‘erenda
1996 3383 2038 3446 ad
2052 3379 2180 3448 Deum:

167 3469 231 3537 tari
252 3469 480 3550 bumilitatem,
501 3480 535 3535 et
558 3470 693 3534 discatis
716 3481 848 3553 petere,
871 3481 906 3534 ut
928 3467 1023 3535 Deus
1050 3482 1147 3556 regat
1200 3470 1277 3558 quia
1298 3489 1431 3555 semper
1453 3478 1585 3555 oportet
1607 3488 1685 3534 esse
1695 3466 1909 3553 principalem
1924 3468 2021 3533 finem
2034 3469 2180 3533 omniurn

170 3579 244 3638 vos,
267 3569 305 3624 ut
326 3559 399 3622 sitis
420 3553 574 3622 humiles.
606 3556 682 3622 Non
705 3557 808 3622 simus
830 3556 875 3637 ita
897 3553 1001 3634 stulti,
1023 3567 1147 3622 utcon·
1200 3576 1339 3644 operum
1364 3555 1506 3643 gloriam
1528 3553 1601 3620 Del.
1648 3554 1713 3622 Sad
1735 3565 1845 3619 tamen
1874 3556 2017 3619 mediate
2045 3554 2177 3640 agimus

169 3643 313 3711 fidamus
335 3645 520 3728 sapientiae
541 3655 597 3708 aut
619 3643 745 3709 viribus
765 3643 905 3721 nostris,
933 3640 989 3707 vel
1009 3654 1047 3707 ut
1068 3663 1149 3729 pen·
1202 3665 1276 3710 cum
1299 3641 1387 3723 Deo,
1409 3656 1442 3708 et
1463 3642 1651 3707 immediate
1673 3661 1748 3707 cum
1770 3637 1956 3707 bominibus
1969 3642 2004 3706 in
2021 3641 2179 3726 operibus

130 3728 134 3737 '
170 3733 309 3798 deamus
332 3753 373 3796 ex
395 3727 567 3796 favoribus
589 3729 769 3796 hominum.
798 3728 974 3794 Doseitter
983 3729 1149 3813 pedmcl't,
1201 3730 1371 3796 secundae
1392 3727 1539 3795 tabulae.
1583 3727 1680 3793 Soloi·
1702 3729 1781 3812 diup
1801 3730 1866 3792 solt
1886 3726 1941 3792 altr
1962 3726 2087 3792 lauden
2106 3728 2179 3791 tois·
2253 3803 2260 3814 ι

169 3817 222 3883 icit
243 3818 326 3883 bobo
346 3818 411 3882 ciel
427 3813 583 3898 frmndt,
610 3818 658 3880 sie
679 3817 809 3882 werden
835 3815 919 3880 mt’cd
939 3825 1055 3881 relten.
1099 3815 1150 3897 lc',
1201 3814 1541 3900 semitractatam
1570 3836 1608 3880 so
1628 3812 1793 3900 unfleissip
1813 3831 1900 3900 septa.
1945 3812 2099 3900 Cogitate
2120 3833 2179 3878 an·

169 3906 215 3971 du
235 3907 327 3969 wirst
348 3903 431 3969 woiti
446 3906 541 3967 abacta
561 3904 698 3968 wardan
915 3956 917 3961 .
1204 3900 1301 3992 gelos
1330 3904 1492 3980 assidere,
1524 3913 1556 3966 et
1577 3897 1684 3965 altare
1704 3901 1803 3965 vobis
1810 3947 1822 3978 ,
1852 3919 1930 3966 esse
1957 3910 2178 3983 spectatores,

257 3990 399 4064 Quando
421 3989 520 4055 reflat
540 3986 686 4068 fortuna,
707 3988 754 4055 So
774 3988 875 4054 beista
896 3988 1058 4054 abdente:
1203 3989 1389 4060 auditores,
1424 4001 1457 4052 et
1488 3988 1615 4053 iudices
1648 3988 1832 4053 studiorum
1864 3998 2064 4052 vestrorum.
2114 3983 2180 4050 lats

1203 4075 1293 4141 uicit
1312 4078 1363 4140 eia
1385 4074 1528 4152 saiand,
1561 4074 1642 4139 dass
1669 4075 1721 4138 cin
1747 4075 1861 4157 isuper
1888 4072 1973 4138 bned
2000 4071 2088 4136 m‘cbt
2114 4070 2181 4136 lon

194 4214 196 4218 -
1205 4164 1319 4228 decem
1342 4172 1534 4247 praecepta,
1566 4161 1633 4224 trud
1665 4162 1716 4225 sol
1745 4159 1827 4224 noel
1855 4160 1959 4226 dorm
1990 4178 2072 4242 zwey
2099 4159 2181 4223 oder

259 4249 356 4317 item:
378 4248 497 4314 Nullus
519 4248 565 4314 ud
587 4250 726 4315 amissus
747 4249 806 4314 t'dit
828 4250 952 4313 amicus
973 4267 1061 4331 opes.
1090 4244 1152 4310 Est
1205 4250 1287 4334 drey
1307 4248 1384 4313 ibor
1404 4250 1439 4313 in
1460 4247 1642 4312 Academia
1661 4265 1841 4333 pauescas
1900 4265 2008 4324 ,man
2028 4246 2181 4310 sotteom

173 4356 303 4403 summa
343 4333 479 4401 stultitia
516 4336 663 4423 pendere
701 4356 743 4402 ex
781 4332 1008 4401 voluntatibus
1048 4332 1151 4401 borni·
1204 4337 1261 4400 mit
1282 4335 1409 4400 bunden
1431 4332 1612 4399 materam:
1647 4336 1705 4397 soie
1737 4353 1772 4399 es
1794 4353 1856 4398 ouo
1919 4330 2076 4409 esclicdt,
2110 4331 2184 4395 weil

172 4445 261 4490 uum.
1204 4442 1281 4487 tuan
1301 4441 1339 4487 ao
1356 4419 1521 4507 uuflmssip
1541 4421 1595 4499 ist.
1640 4419 1737 4485 iuxta
1757 4416 1858 4485 illud:
1941 4422 1970 4485 'o
1991 4420 2089 4503 tepent
2110 4416 2181 4482 Do·

174 4544 178 4551 ,
258 4510 334 4575 Dos
355 4508 456 4576 lebret
478 4505 632 4573 Christus
657 4507 762 4574 oilie:
793 4506 908 4574 Omnis
929 4508 990 4592 qut·
1006 4525 1041 4573 se
1062 4508 1152 4571 exul·
1204 4511 1284 4574 mebi
1301 4508 1464 4592 repntlisti,
1485 4507 1640 4590 repellam
1662 4515 1703 4571 te.

172 4606 237 4666 tut:
259 4598 292 4662 id
314 4607 378 4675 est,
401 4596 525 4672 omnis,
548 4596 603 4680 qni
626 4616 694 4660 non
717 4606 828 4660 manet
855 4596 942 4660 intra
965 4604 1071 4658 metas
1093 4613 1152 4657 vo·
1291 4593 1435 4660 Primum
1467 4603 1679 4679 praeceptum
1712 4591 1849 4678 requirit
1881 4591 2081 4677 agnitionem
2108 4589 2181 4654 veri

172 4685 325 4764 cationis,
347 4681 576 4748 bttrntliudilar.
600 4680 725 4747 Omnes
748 4702 811 4746 nos
833 4683 993 4747 discimus
1005 4677 1151 4766 aliquam
1204 4678 1282 4761 Dei,
1304 4694 1424 4766 postea
1445 4700 1560 4746 verum
1584 4681 1748 4757 timorem,
1779 4698 1892 4742 veram
1921 4677 2095 4755 fiduciam,
2123 4695 2181 4740 va·

171 4787 299 4859 partem
329 4769 427 4835 buius
456 4769 643 4852 doctrinae,
673 4779 790 4833 nostro
818 4765 917 4835 malo.
974 4766 1047 4832 Wir
1076 4766 1152 4832 aiud
1203 4789 1274 4833 ram
1308 4765 1536 4844 dilectionem,
1572 4785 1683 4850 spem,
1714 4761 1950 4842 bumilitatem,
1969 4762 2182 4847 patientiam·

172 4858 236 4924 ulte
257 4859 368 4935 stoitz,
390 4855 529 4922 dorumb
550 4857 677 4921 werden
698 4857 759 4919 scir
781 4856 849 4920 alie*
863 4851 1040 4939 pedempst.
1084 4852 1151 4918 liu·
1204 4853 1297 4920 lluec
1316 4855 1483 4939 pertinent
1503 4852 1546 4917 ad
1575 4851 1772 4916 sententiam
1794 4846 2039 4916 affirmativam.
2084 4847 2182 4913 Prae·

171 4943 308 5010 millima
328 4964 475 5028 persona
499 4946 532 5008 in
562 4955 632 5007 toto
661 4962 784 5028 genera
807 4940 951 5006 bernano
974 4953 1025 5006 est
1046 4938 1151 5006 Filius
1204 4951 1296 5006 terea
1316 4939 1470 5024 probibet
1490 4935 1556 5003 coli
1578 4934 1654 5015 alia,
1678 4954 1765 5023 quae
1786 4956 1853 5001 non
1877 4946 2057 5001 suntvere
2074 4932 2182 5015 Deus,

170 5028 250 5096 Dei:
276 5032 352 5134 qnia
374 5031 447 5113 ipse
468 5030 561 5094 novit
582 5030 724 5094 maxime
745 5026 864 5093 Deum.
892 5025 985 5114 Ergo
1007 5027 1151 5092 maxime
1203 5027 1296 5093 iuxta
1317 5023 1572 5111 patefactionem
1595 5023 1693 5089 nobis
1716 5024 1871 5088 traditam
1894 5019 2182 5101 inEcclasia,dus

173 5137 211 5184 sc
230 5118 343 5184 abiicit
364 5114 451 5182 infra
472 5115 592 5183 Deum.
636 5114 789 5180 Dorumb
809 5121 886 5201 sapt
906 5133 944 5179 er
967 5113 1065 5180 aori:
1088 5110 1151 5179 Di·
1202 5116 1247 5179 r‘st
1268 5113 1384 5199 deydes
1403 5113 1436 5176 in
1458 5113 1565 5199 primo
1588 5120 1779 5196 praecepto.

299 4110 358 4176 lite
379 4119 454 4177 tuus
472 4131 600 4196 pennas
620 4119 689 4176 tom
709 4113 774 4176 cito
795 4111 895 4175 colit
928 4127 1031 4175 amor.
