4620 5588
158 171 220 243 101

155 361 301 441 Aurora,
323 380 345 427 a
366 379 433 447 qua
452 357 665 446 diligebatur,
682 359 820 444 petiisse
842 358 885 424 ab
897 353 1138 424 aeimmortali-

156 460 270 514 tatem.
304 446 373 512 Sed
396 446 531 527 oblitus,
553 447 643 532 quod
666 465 734 509 non
753 454 875 511 tanturn
897 441 1139 522 immortalitas,

156 554 274 602 verum
297 536 394 598 etiam
415 533 570 685 dragantea
604 533 750 616 optanda
772 530 908 607 suisset,
935 533 1068 596 tarrdem
1092 527 1139 594 fa·

790 124 792 128 ’
841 164 1060 236 cosmum
1088 163 1487 235 nanuumonmua.

2109 173 2174 243 tot

1190 353 1244 416 ulie
1272 353 1398 435 haeder,
1431 355 1485 417 dia
1516 375 1587 417 moa
1618 355 1699 417 aaa
1726 312 1923 420 Tmnorircde
1955 359 2075 426 cecder.
2120 361 2172 429 Ex

1189 440 1318 526 Myrice
1351 440 1572 508 conficiuntur
1603 439 1724 527 pocula
1756 443 1973 511 Tamaricina.
2028 449 2096 516 Sed
2130 450 2172 517 de

1189 527 1256 600 hoc
1278 524 1377 593 melle
1399 530 1538 608 ericino,
1562 527 1704 595 hicnon
1727 531 1856 596 dicitur.
1901 530 2028 599 Verum
2049 536 2083 601 in
2104 533 2172 603 illis

158 634 233 689 ctus
266 639 372 684 senex
406 632 438 686 et
495 617 610 697 abilis,
641 619 735 704 petiit
756 638 777 684 a
798 637 837 682 se
860 615 931 682 tolli
953 615 1018 683 hoc
1042 636 1138 682 onus.
1162 616 1165 697 Ι
1189 611 1414 701 locisSyriae,
1438 618 1529 683 circa
1538 614 1715 694 Libanum,
1733 617 1907 704 peculiare
1929 620 2085 704 quiddam
2107 634 2173 703 est,

157 707 208 772 lta
241 726 427 772 conversus
459 707 570 772 estin
605 706 765 785 cicadam,
798 724 884 789 quae
917 717 970 768 est
1003 721 1165 790 sonora-4

157 793 251 859 ilaec
271 789 386 860 fabula
407 792 574 881 siguificat
595 798 752 876 poemata
774 810 967 869 senescere,
985 801 1139 857 ettanrau

157 876 356 945 immortalia
376 899 466 959 esse,
488 893 519 945 et
541 879 628 964 apud
651 878 878 965 posteritatem
904 896 1059 943 crescere
1081 876 1139 942 ad·

158 966 373 1032 irritationem.

1189 702 1278 850 paud
1302 703 1473 767 nominant
1495 700 1666 787 δροσόμελι,
1683 703 1717 768 id
1735 716 1799 782 est,
1820 726 1924 772 rorem
1945 706 2062 788 mallim
2084 710 2173 777 sicat

1218 783 1379 854 alaestina
1402 789 1498 853 etiam
1516 786 1600 853 alias
1623 787 1745 856 multas
1767 812 1822 856 res
1845 790 1961 857 habuit
1984 792 2083 860 valde
2094 815 2171 862 sua·

1190 893 1262 952 ves,
1297 887 1330 939 et
1361 873 1459 941 utiles
1481 876 1580 941 vitae.
1624 874 1749 943 Deiluit
1770 879 1857 944 sicut
1877 899 1947 957 ros,
1965 881 1997 945 in
2019 884 2170 948 arbores.

1162 926 1166 1053 i
1188 960 1313 1027 Postea
1335 958 1543 1049 coagulatus,
1566 982 1626 1029 seu
1647 965 1785 1030 duratus
1797 962 2032 1050 aliquantulum
2043 968 2076 1033 in
2093 990 2172 1058 gru·

242 1050 317 1138 Ego
335 1063 415 1138 puto
439 1050 573 1139 ἀκρίδων
594 1050 726 1115 nornine
736 1047 791 1113 hic
802 1049 984 1135 significari
995 1069 1139 1130 cancros,
1163 1058 1165 1131 g
1189 1069 1274 1127 mos,
1294 1050 1458 1132 excipitur
1475 1046 1619 1134 pellibus
1643 1063 1674 1115 et
1693 1048 1872 1139 colligitur.
1918 1052 1980 1118 Est
2001 1074 2057 1118 res
2070 1052 2171 1121 valde

158 1157 246 1222 qnos
264 1146 475 1206 nominamus
496 1137 600 1215 drabe,
624 1134 712 1202 facto
735 1132 900 1202 vocabulo
924 1133 978 1201 vel
999 1156 1020 1200 a
1042 1133 1140 1222 ἀκρίς,
1163 1136 1166 1211 i
1189 1135 1289 1206 bona,
1312 1138 1418 1205 instar
1440 1137 1688 1221 generosissimi
1712 1140 1858 1215 saccari,
1881 1149 1978 1206 etex
2001 1137 2067 1205 illis
2084 1137 2178 1209 locis

159 1224 213 1297 ici
227 1245 252 1297 a
272 1224 419 1312 κάραβος.
463 1219 666 1291 Aristoteles
695 1221 753 1289 lib.
776 1222 808 1288 9.
853 1220 906 1288 De
929 1233 1047 1295 natura
1065 1224 1139 1289 ¹nni·

160 1307 290 1389 atellam
311 1312 442 1392 sorba,
464 1311 553 1398 qaod
576 1308 707 1379 locusta
729 1325 854 1397 pugnet
879 1330 957 1379 otuu
978 1308 1138 1395 serpenti·

161 1401 235 1481 bus¹
256 1408 291 1464 et
312 1398 446 1467 modat
467 1417 539 1475 eos,
551 1394 794 1503 praebendalis
817 1415 929 1463 eorum
953 1392 1042 1469 colla
1063 1400 1137 1461 πολ·

158 1489 205 1549 lcl
220 1486 277 1557 aad
292 1482 345 1565 uir
355 1482 469 1571 ἀκρίδα
480 1487 648 1568 imputasse
658 1508 730 1547 οταν
738 1484 870 1567 μοιχᾶται
888 1490 951 1557 τοῖς
963 1481 1052 1566 ὄφεσι
1063 1488 1137 1565 λιψ-

157 1571 310 1655 discustos
326 1573 379 1637 rori
399 1561 546 1656 τραχήλου
566 1573 627 1637 niv
647 1567 756 1655 ὅφὲων.
800 1568 908 1639 Etiam
929 1566 1058 1644 Pl'tltlus
1081 1569 1137 1635 iri·

159 1656 229 1741 bug‘t
248 1655 317 1727 huc
332 1653 492 1725 locustis:
514 1656 703 1739 Serpentem,
726 1657 843 1742 inquit,
864 1663 977 1723 amarat
996 1654 1138 1739 depulsa

154 1742 302 1822 sandicis
324 1746 392 1811 ιιίιι
412 1742 617 1829 Wdtertris
637 1743 806 1807 mortuno.

240 1826 407 1907 Existimo
426 1843 522 1899 necte
544 1831 610 1897 hoc
631 1831 696 1905 dici
719 1849 823 1915 posse
845 1831 887 1896 de
906 1829 1060 1909 cancris,
1082 1830 1138 1919 qui

157 1914 312 1983 dimicant
335 1939 412 1983 cum
434 1918 657 2002 serpentibus.
679 1916 741 1983 Est
762 1919 848 1985 enim
861 1912 1014 1984 naturale
1026 1915 1137 1987 odium

157 2022 354 2070 cancrorum
390 2016 424 2068 et
464 2022 521 2069 ser
544 2017 674 2079 entum;
715 2014 749 2069 ct
794 2003 908 2069 cancri
953 2002 1137 2088 apprehen·

156 2089 238 2155 dunt
259 2100 434 2174 serpentes
457 2026 576 2169 chelis,
599 2103 630 2154 et
655 2109 716 2155 eos
739 2090 949 2155 interficiunt.
982 2090 1063 2156 lnde
1085 2110 1137 2156 oc·

156 2177 250 2241 casio
273 2176 350 2241 data
372 2188 426 2240 est
446 2172 595 2242 fabulae:
619 2176 752 2241 Cancer
773 2187 807 2243 et
816 2190 957 2260 serpens
969 2172 1137 2242 faciebant

155 2281 221 2328 uua
243 2262 316 2327 lter.
366 2261 512 2328 Videbat
532 2273 644 2328 autem
674 2283 798 2329 cancer
823 2275 1012 2348 serpentem
1039 2263 1137 2327 inter·

155 2348 233 2413 dum
250 2349 420 2434 progredi,
442 2349 605 2413 interdum
617 2370 721 2454 gyros
741 2347 909 2430 mirabiles
920 2345 1045 2414 facere.
1067 2348 1137 2412 Μο-

154 2434 286 2524 nuitigit
296 2457 337 2501 ur
348 2455 436 2513 eum,
448 2443 485 2499 ut
496 2447 609 2501 rectus
621 2435 801 2499 incederet.
812 2433 911 2508 Quod
924 2456 999 2501 cum
1011 2454 1078 2500 non
1089 2431 1136 2498 sa-

155 2532 260 2599 ceret,
293 2540 419 2588 cancer
440 2518 564 2588 collum
586 2523 658 2586 eius
680 2541 723 2604 ap
747 2519 911 2586 rehendit.
955 2517 1015 2587 llle
1036 2521 1137 2585 inter·

153 2603 277 2687 swbrs,
302 2608 368 2675 iam
387 2618 503 2673 rectus
524 2607 666 2673 iacebat.
711 2543 842 2687 iden,
872 2607 980 2694 tunm
1001 2625 1136 2688 cancer,

154 2696 330 2779 oportebat
350 2705 384 2759 te
407 2694 517 2769 vivum
539 2694 679 2780 ingredi.
703 2692 765 2760 Est
786 2693 897 2780 imago
919 2693 1137 2763 certaminum

153 2781 238 2846 inter
259 2779 411 2846 homines
433 2792 547 2847 rectos
569 2800 611 2845 ac
632 2778 814 2867 simplices,
837 2793 871 2847 et
892 2779 1075 2867 sophistas.

239 2865 363 2932 Narrat
395 2867 494 2935 etiam
516 2867 695 2933 Suetonius
717 2868 751 2932 in
772 2869 841 2933 vita
862 2866 1002 2947 Tiberii,
1032 2867 1136 2953 quod,

155 2971 230 3026 cum
250 2949 404 3019 locustae
424 2953 490 3038 ipsi
510 2950 633 3019 allatae
655 2963 789 3033 essent,
816 2953 1035 3040 exagitaverit
1055 2974 1136 3039 pue·

153 3057 230 3117 ros,
263 3039 320 3126 qui
342 3059 417 3106 curn
438 3041 514 3124 ipso
537 3052 651 3119 erant,
678 3038 785 3106 chelis
806 3041 943 3106 insertis
964 3041 999 3106 in
1021 3059 1136 3106 eorum

153 3145 230 3191 ora:
253 3128 344 3213 quod
364 3123 515 3193 similiter
536 3124 686 3217 intelligo
709 3128 752 3193 de
763 3127 909 3194 cancris.
941 3125 1027 3201 Quia
1036 3126 1136 3214 igitur

151 3232 258 3299 prope
279 3211 454 3278 lordanem
477 3210 643 3280 lohannes
674 3225 832 3281 versatus
860 3224 931 3292 est,
962 3214 1021 3280 ubi
1042 3208 1136 3279 multi

154 3299 267 3365 cancri
299 3318 339 3365 se
360 3298 562 3380 offerebant,
584 3301 705 3387 quibus
727 3320 795 3365 non
816 3296 941 3367 licebat
961 3299 1055 3366 vesci
1076 3319 1135 3384 po·

153 3381 233 3472 pulo
252 3382 358 3473 legis,
389 3387 589 3470 piscatores,
622 3388 676 3474 qui
699 3384 824 3473 alioqui
844 3406 912 3453 non
934 3387 1136 3469 vendebant,

157 3488 301 3538 cancros
334 3471 382 3538 ei,
398 3472 574 3538 dederunt:
607 3494 747 3560 quorum
769 3493 829 3539 esu
852 3485 1032 3559 propterea
1052 3491 1135 3539 usus

157 3568 223 3624 est:
244 3570 346 3646 tum,
361 3559 439 3645 quia
461 3570 533 3625 erat
555 3561 650 3626 cibus
672 3561 717 3625 ibi
739 3561 876 3639 obvius,
905 3572 939 3626 et
959 3560 1015 3647 qul
1036 3554 1137 3625 facile

179 3645 267 3710 arari
288 3655 433 3729 poterat:
466 3657 534 3710 tum
557 3657 594 3712 ut
616 3646 809 3712 ostenderet
830 3645 978 3727 ludaeis,
1007 3663 1136 3712 senon

155 3665 269 3797 heere
289 3712 468 3797 dishrimen
497 3733 582 3798 inter
604 3733 712 3800 cibos.
755 3731 925 3798 Fortassis
954 3744 988 3797 et
1008 3733 1074 3798 hoc
1097 3733 1138 3797 si·

157 3816 349 3904 gnificatum
372 3830 441 3897 est,
471 3815 608 3885 lohanui
631 3818 803 3884 dissidium
826 3838 903 3884 esse
925 3839 999 3883 cum
1022 3817 1138 3885 Phari·

156 3906 264 3984 saeis3
295 3916 328 3970 et
350 3901 470 3973 borum
490 3902 598 3986 colla,
631 3906 664 3971 id
687 3917 756 3979 est,
790 3906 973 3972 doctrinam
996 3907 1040 3973 ab
1063 3908 1138 3992 ipsu

157 3987 370 4079 strangulari,
394 3991 515 4063 taxatis
537 4012 652 4058 eorum
676 3992 856 4058 erroribus.

371 4477 481 4583 Quid
512 4491 577 4566 est
604 4480 686 4565 mel
715 4479 923 4567 silvestre?

236 4680 645 4759 &adnostrihamiuso
667 4680 882 4762 vocammcl
903 4681 1012 4765 daug,
1032 4682 1138 4755 iddu-

158 4769 307 4853 plertsst.
328 4768 465 4855 ‘lipsien
484 4769 728 4853 tempestivum,
749 4771 839 4857 qnod
861 4767 1138 4856 apesouuflciuat

156 4861 190 4920 in
204 4853 371 4930 sinonis:
388 4867 426 4925 et
445 4857 601 4939 asama,
619 4855 713 4940 quod
732 4876 816 4947 apes
838 4868 1001 4943 spargunt
1020 4858 1056 4922 in
1067 4858 1138 4925 cul·

155 4945 221 5019 θὴς
260 4941 588 5019 EW'VQma
604 4939 736 5025 hilma
755 4943 841 5012 m
857 4943 1007 5024 Why

154 5027 290 5105 bmttts
311 5029 458 5118 singulti.
501 5023 603 5130 aliud
624 5027 829 5129 estllyrica,
851 5050 938 5115 quac
957 4963 1137 5103 calm

154 5117 217 5198 rix,
239 5118 342 5183 arbm
363 5117 554 5197 mediocris,
570 5137 637 5182 non
659 5115 769 5184 frutex
777 5117 930 5197 ,fetorem
945 5138 1018 5188 Μ
1033 5117 1137 5188 maht

1162 1240 1166 1288 ι
1189 1218 1320 1288 vehitur
1341 1220 1420 1302 alio,
1440 1225 1528 1288 sicut
1550 1224 1659 1289 adhuc
1681 1221 1781 1290 hodie
1804 1224 2118 1306 vehiturVenctias,
2137 1238 2171 1294 et

1189 1327 1230 1373 ex
1253 1307 1404 1376 Venetiis
1437 1310 1469 1374 in
1503 1306 1567 1375 alia
1601 1307 1686 1374 loca.
1731 1310 1767 1376 ln
1802 1312 1898 1398 Myro
1923 1310 1997 1378 oliis
2031 1325 2171 1381 vocatur

1188 1399 1313 1463 Marma.
1357 1396 1418 1461 Est
1440 1407 1551 1465 autem
1573 1398 1683 1482 imago
1706 1396 1854 1483 pulchra
1899 1335 2042 1467 lhannes
2064 1401 2170 1486 pasci·

1189 1493 1242 1549 tur
1263 1502 1340 1547 rore
1362 1480 1516 1549 coelesti:
1549 1486 1581 1551 id
1603 1496 1667 1563 est,
1689 1485 1842 1563 doctrina
1861 1486 1961 1552 debet
1983 1507 2061 1552 essa
2083 1508 2170 1554 sum·

1189 1580 1246 1655 pta
1266 1591 1288 1637 a
1311 1568 1397 1649 Deo,
1420 1591 1486 1639 nou
1509 1571 1606 1636 debet
1630 1591 1709 1634 csse
1730 1567 1892 1638 fabricata
1913 1593 1935 1639 a
1956 1575 2088 1638 nobis..

1235 1868 1350 1971 Quae
1383 1871 1638 1954 liberationes
1669 1872 1709 1952 in
1741 1872 1905 1954 lrisbnria
1937 1871 2126 1955 lobannis

1526 2061 1832 2173 conspiciuntur.

1274 2259 1309 2321 ln
1343 2258 1529 2344 Epiphanio
1563 2262 1736 2338 scribitur,
1780 2263 1869 2347 quod
1909 2285 1984 2328 cum
2019 2263 2171 2329 itcrodcs

1187 2347 1352 2431 quaesivit
1373 2345 1555 2412 infantulos
1578 2347 1839 2427 interficiendos
1860 2345 2035 2414 Elisabeth
2059 2369 2171 2415 secas·

1188 2432 1270 2497 sarit
1301 2429 1389 2499 ultra
1410 2433 1583 2508 lordauem
1616 2453 1692 2498 eum
1724 2431 1851 2500 inlanta
1884 2434 2048 2540 iohanne,
2080 2445 2114 2501 ot
2135 2438 2171 2503 ln

1187 2537 1293 2671 itit?
1309 2516 2171 2691 rihnitthdtihtisiildid”itt

1187 2701 1240 2756 ret
1262 2693 1497 2773 testimonium,
1521 2695 1612 2780 quod
1633 2692 1779 2760 Messias
1803 2707 1896 2761 essct
1919 2694 2097 2762 exhibitus.
2132 2695 2170 2762 ld

1188 2789 1302 2845 narrat
1321 2778 1480 2860 Basilius,
1503 2781 1559 2867 qui
1580 2780 1661 2846 dicit
1680 2781 1715 2847 in
1737 2778 1862 2865 templo
1874 2802 1947 2849 eum
1959 2779 2171 2848 interiectum

1187 2884 1278 2932 esse.
1320 2865 1421 2940 Quod
1442 2867 1619 2935 admodum
1640 2880 1902 2934 consentancum
1924 2869 2069 2935 videtur:
2091 2867 2171 2955 qrria

1188 2949 1341 3020 Christus
1353 2954 1472 3040 inquitz
1493 2953 1597 3017 Erunt
1618 2957 1666 3016 rei
1687 2957 1850 3036 rnnyninis
1871 2962 2001 3017 amaria
2011 2953 2099 3027 Atat,
2111 2976 2170 3021 ¹ua·

1186 3039 1325 3197 {spumata-dl
1337 3039 1539 3105 Zachariam.
1583 3037 1621 3108 ld
1648 3038 1797 3128 hrtelligo
1826 3042 1868 3109 de
1891 3040 2055 3108 Zacharia
2076 3052 2171 3128 patre

1325 3147 1355 3192 s.

1248 3422 1349 3527 Quis
1378 3422 1453 3509 suit
1485 3423 1618 3508 exitiis
1648 3425 1838 3511 Iohannis
1871 3424 2105 3539 Baptistae?

1273 3641 1397 3709 Habuit
1430 3644 1532 3710 breve
1575 3640 1793 3724 curriculum,
1843 3640 1996 3711 videlieet
2036 3644 2169 3710 biennii.
2279 3664 2286 3672 ·

1188 3728 1290 3797 scitis
1320 3744 1452 3809 autem,
1484 3731 1651 3814 quomodo
1685 3731 1727 3796 sit
1748 3729 1945 3797 interiectus
1968 3733 2010 3796 ab
2033 3727 2088 3796 illa
2109 3732 2169 3797 im·

1188 3817 1276 3889 maai
1299 3813 1566 3885 helluallerode.
1606 3815 1680 3885 lloc
1703 3829 1755 3883 est
1776 3814 1875 3883 valde
1895 3814 2061 3897 mirabile,
2078 3817 2170 3902 quod

1188 3903 1367 3988 praecipua
1387 3901 1511 3973 tantm
1521 3901 1697 3971 Ecclesiae
1717 3914 1784 3969 tam
1806 3900 2039 3970 misatubiliter
2059 3903 2170 3970 interi·

1188 4003 1330 4063 ιιιιιιιιιιτ.
1375 3989 1520 4058 Mundus
1549 3992 1692 4061 stratio
1720 3988 1905 4056 offorrditur.
1947 3990 2075 4059 ludicat
2106 4009 2170 4056 eos

1187 4076 1262 4144 Deo
1284 4099 1354 4147 aaa
1370 4096 1453 4147 esse
1476 4096 1595 4153 eurae;
1613 4078 1701 4144 sieut
1725 4073 1868 4145 clumam
1890 4075 2063 4145 Pharisaei
2074 4075 2170 4144 Chri·

1187 4177 1241 4231 sto
1263 4164 1433 4250 pammac
1454 4165 1488 4233 iu
1509 4183 1627 4230 cancer
1669 4162 1711 4225 st
1731 4184 1763 4225 er
1784 4163 1888 4226 riuus
1909 4164 1974 4227 Dei
1981 4210 1991 4235 ,
2014 4162 2170 4226 desem
2219 4195 2224 4204 ·

1188 4251 1229 4314 dc
1250 4271 1352 4315 cruce.
1387 4249 1555 4319 ‘Homines
1577 4250 1786 4316 iudicantes
1808 4264 1946 4317 eventu:
1969 4263 2003 4316 et
2024 4270 2089 4317 nos
2105 4250 2171 4336 ipsi

1187 4338 1361 4416 miramur,
1390 4357 1495 4424 quare
1516 4356 1584 4402 non
1606 4332 1764 4409 defendat
1783 4334 1878 4403 Decus
1891 4356 1983 4404 suos
2005 4337 2170 4403 adversus

1188 4436 1361 4511 tmannos.
1406 4424 1474 4489 Sed
1495 4422 1551 4488 bic
1569 4423 1746 4510 cogitanda
1767 4435 1820 4488 est
1841 4424 1976 4574 progna
1993 4421 2170 4490 Ecclesiae

1188 4511 1363 4595 sapientia,
1384 4529 1472 4594 quae
1493 4512 1603 4589 docet,
1624 4522 1659 4576 et
1680 4511 1769 4596 qnod
1791 4512 1835 4575 sit
1856 4512 1890 4575 iu
1935 4531 1977 4576 ac
1999 4509 2171 4576 vitacruci

1189 4597 1339 4663 subiecta
1360 4594 1524 4672 Ecclesia,
1546 4607 1581 4661 et
1602 4618 1663 4662 cur
1684 4596 1727 4661 sit
1749 4597 1911 4663 subiecta

1274 4681 1507 4749 Discernenda
1539 4696 1618 4748 snut
1647 4684 1746 4749 etiam
1777 4702 1904 4769 genera
1933 4679 2168 4762 calamitatum,

1189 4768 1346 4835 videlicet
1365 4767 1451 4835 haec
1474 4782 1632 4858 quatuor:
1654 4778 1814 4856 τιμωρίαι,
1845 4769 2036 4850 (inaspectos,
2057 4769 2169 4856 μαρτύ-

1189 4881 1252 4943 ρια,
1270 4869 1304 4922 et
1325 4856 1438 4944 λύτρον,
1460 4858 1551 4943 quod
1573 4868 1626 4922 est
1646 4858 1778 4922 unicum
1797 4854 1856 4921 filii
1870 4855 1934 4919 Dei
1957 4855 2168 4921 sacrificium.

1192 4947 1281 5026 Τιμω
1303 4952 1357 5024 tar,
1379 4956 1459 5009 sunt
1479 4964 1610 5029 poenae
1633 4940 1797 5009 'certorum
1812 4939 2020 5020 delictorum,
2042 4955 2078 5007 ut
2100 4942 2171 5006 exi·

1187 5027 1265 5095 lium
1283 4967 1434 5098 havidis.
1474 5031 1667 5111 Δικιμασιαι,
1689 5040 1768 5094 sunt
1788 5028 1946 5094 exercitia
1968 5030 2111 5113 pietatis,
2133 5040 2171 5093 ut

1188 5137 1306 5186 carcer
1327 5116 1457 5202 ioseph.
1503 5108 1676 5202 Μαρτύρια,
1698 5125 1776 5181 sunt
1792 5115 1982 5182 testimonia
1999 5115 2171 5181 doctrinae
2287 5139 2295 5150 ·

1926 5232 1966 5286 7.
