4620 5588
129 164 176 237 01
771 161 884 231 enm.
907 161 1010 229 MEL.
1032 160 1221 232 sctum
1244 161 1511 232 exsuffles.
1640 220 1644 227 .
1989 189 1995 198 ·
2103 166 2149 238 η

129 357 252 438 Mun,
284 364 319 422 et
348 359 517 423 edentium
543 351 612 420 Dei
641 359 763 435 troph,
795 372 891 435 quom
921 355 1114 421 maccam.
1166 353 1381 420 coustitutum
1412 365 1485 418 erat
1516 356 1690 438 pecuniae.
1751 353 1851 429 Quod
1880 352 2044 442 reliquam
2071 365 2150 422 erat

130 439 289 508 Nominat
309 440 572 507 misericordiam
590 458 693 524 opera
711 436 914 515 dilectionis;
935 439 1115 506 Solentiam
1165 459 1269 525 supra
1279 459 1441 504 summam
1462 436 1554 505 illam
1571 441 1795 516 constitutam
1816 442 1849 507 id
1871 443 1957 528 ipse,
1979 453 2148 529 tamquam

129 521 197 612 Del
219 537 321 593 vocat
341 547 456 593 reram
477 526 588 593 iidem.
631 521 870 609 complectitur
897 526 985 591 enim
1011 536 1114 592 totam
1164 545 1274 604 suum,
1295 526 1470 591 retinebat
1514 524 1667 591 venetiis
1692 525 1804 593 adhuc
1832 538 1888 592 eat
1908 548 1950 594 ea
1969 539 2148 596 consuetu·

129 612 352 680 obedientiam
382 612 565 678 secundum
586 611 725 696 primam
752 619 787 675 et
814 611 996 676 secundam
1018 612 1113 677 tabu·
1164 612 1224 677 do:
1251 607 1394 677 Elocant
1404 609 1526 677 Veneti
1546 608 1786 697 praefecturas,
1807 613 1916 693 idest,
1939 614 2147 681 committunt

128 693 386 786 lamDecalogi,
408 709 442 765 et
464 697 595 786 quidem
616 695 709 763 iuxta
730 691 987 763 declarationem
1004 695 1114 763 Evan·
1163 694 1264 764 alicui
1285 698 1412 763 reditus
1433 697 1646 782 provinciae,
1671 710 1709 763 ut
1730 710 1855 765 oerum
1876 700 1954 766 iuda
1974 701 2148 786 pecaniam

128 781 219 873 gelli.
1019 784 1022 788 ’
1163 784 1247 868 ipsis
1268 794 1438 849 numeret:
1464 783 1538 870 qui,
1565 804 1642 848 cum
1666 794 1781 870 potest
1800 782 1926 871 aliquid
1945 782 2089 865 ioum,
2112 786 2148 851 td

215 867 375 936 llomiues
397 865 592 954 plerumque
615 863 814 932 delabuntur
831 868 875 931 ad
893 869 1112 949 ceremonias,
1163 886 1311 954 proauo
1334 866 1453 933 labore
1473 871 1605 935 retinec
2092 919 2101 931 ,

128 967 163 1023 et
195 956 350 1021 omittunt
387 954 593 1021 necessaria.
658 951 750 1018 ideo‘
777 963 888 1018 autem
926 954 1115 1019 obedientia
1175 1024 1178 1035 ,
1209 1010 1213 1026 ,
1250 953 1351 1038 Apud
1382 953 1589 1021 Herodotum
1629 966 1664 1020 et
1695 951 1950 1041 Xenophontem
1981 967 2149 1036 narratur,

127 1034 266 1108 moralis
288 1036 506 1107 anteferenda
527 1049 580 1104 est
602 1038 817 1103 ceremoniis:
839 1038 917 1124 quia
938 1052 991 1105 est
1007 1051 1112 1106 aeter·
1163 1038 1563 1126 temporecyrtoondum
1585 1041 1709 1106 indicta
1730 1040 1837 1108 luisse
1854 1041 2150 1121 tributasubditie,
2230 1051 2232 1054 ‘

126 1144 183 1195 aa.
225 1124 322 1194 Deus
350 1127 385 1192 in
406 1135 478 1193 tota
497 1125 693 1190 'aeternitate
714 1135 768 1190 est
790 1121 885 1205 talis,
912 1122 1045 1212 qualern
1072 1144 1112 1192 se
1163 1127 1225 1191 sed
1254 1127 1345 1193 dona
1372 1145 1434 1191 seu
1459 1146 1596 1193 munera
1619 1137 1740 1210 sponte
1770 1124 1915 1193 conferri
1935 1126 2038 1193 solita
2058 1146 2145 1194 esee.

127 1209 306 1298 descripsit
325 1212 359 1280 iu
383 1208 476 1299 lege:
508 1223 562 1275 est
589 1221 722 1290 castus,
751 1207 895 1298 diligens
927 1222 1113 1291 creaturas,
1163 1209 1313 1277 Croesus
1335 1212 1423 1279 euim
1433 1209 1559 1299 Cyrum
1580 1211 1746 1292 hortatur,
1766 1224 1804 1278 ut
1825 1233 1964 1280 censum
1985 1212 2149 1293 instituat,

129 1317 245 1377 emax,
266 1296 450 1377 beneficus,
471 1299 590 1363 iustus.
613 1292 728 1362 Talem
748 1293 820 1362 vult
840 1296 875 1362 in
896 1297 996 1363 nobis
1014 1297 1112 1364 etiam
1163 1309 1198 1364 et
1219 1299 1377 1363 tributum
1398 1298 1532 1365 iudicet
1577 1298 1689 1385 Cyrus
1711 1299 1841 1384 quaerit
1863 1319 1906 1365 ex
1927 1301 2018 1379 suis,
2045 1318 2148 1386 quan·

126 1382 278 1451 inchoari
298 1384 469 1463 iustitiam,
513 1402 577 1448 uae
599 1383 699 1448 debet
720 1400 798 1448 esse
819 1393 991 1468 perpetua.
1032 1382 1112 1449 ldeo
1162 1395 1231 1449 tum
1253 1383 1366 1450 adhuc
1410 1385 1549 1450 ecuniae
1568 1384 1717 1450 habeant
1738 1385 1772 1450 iu
1793 1396 1959 1470 promptu.
1993 1383 2079 1451 Cum
2096 1385 2148 1463 in·

126 1487 196 1538 nou
223 1472 430 1557 abrogentur
458 1403 571 1537 cultos
597 1464 743 1535 morales
777 1466 867 1536 sicut
893 1468 1111 1536 mactationes
1163 1470 1313 1536 venisset
1334 1490 1367 1535 m
1403 1481 1437 1533 to
1459 1468 1537 1555 plus
1558 1488 1658 1556 quam
1678 1473 1855 1556 sperabat,
1884 1482 2022 1537 revocat
2041 1471 2087 1536 ad
2108 1489 2152 1536 ee
2234 1552 2246 1565 ,

43 1580 46 1584 ·
127 1555 346 1625 emmam
435 1610 441 1622 .
1164 1553 1344 1621 Croesumt
1376 1558 1441 1638 Aa,
1462 1557 1720 1642 inquit,uretiue
1741 1560 2148 1640 eatmrnnendunpem
2253 1564 2257 1572 “

126 1680 130 1690 ·
212 1639 271 1708 Sic
298 1641 399 1728 igitur
425 1638 593 1707 lohannes
619 1638 754 1706 deducit
775 1658 857 1705 suos
878 1641 1048 1706 auditores
1068 1641 1112 1706 ad
1163 1648 1250 1707 mom
1269 1647 1397 1720 amuis,
1418 1661 1515 1724 mmm
1534 1640 1663 1709 motai
1706 1640 1902 1728 Respondet
1921 1639 1997 1710 ille:
2024 1642 2151 1710 Αοιλοϋ

126 1728 232 1814 opera
252 1724 412 1806 moralia,
441 1736 577 1792 utsuut
599 1723 821 1792 beneficentia
841 1745 925 1814 erga
946 1723 1050 1806 alios,
1077 1737 1112 1792 et
1161 1735 1280 1812 potitae.
1335 1730 1437 1809 Erpa,
1469 1728 1576 1812 inquit
1608 1726 1737 1814 Cyrus,
1768 1733 1990 1811 relinquamus
2019 1733 2147 1794 maleta

107 1813 261 1882 'lustina
305 1812 381 1879 Nou
404 1811 503 1879 dicit:
547 1813 712 1879 temnite
729 1815 1022 1893 &mammonam
1050 1812 1112 1879 sed
1163 1817 1248 1880 Nmn
1274 1819 1308 1878 st
1332 1814 1421 1878 seror·
1446 1819 1643 1897 acciperent,
1675 1820 1787 1880 statim
1808 1815 2036 1882 ἀὺενολονοοι
2078 1811 2149 1880 lla·

125 1901 224 1968 bum
245 1909 373 1986 partem
392 1896 481 1984 legis
503 1898 553 1965 eis
574 1899 749 1986 proponit,
770 1917 859 1984 quae
880 1907 934 1964 est
951 1895 1112 1965 naturalis
1162 1900 1233 1965 rius
1255 1896 1436 1984 Hystaspis
1467 1910 1587 1982 postea
1619 1899 1742 1965 tributa
1773 1901 1945 1965 coustituit
1975 1901 2010 1965 in

125 1995 373 2140 turus
388 1980 680 2140 temnet
701 1982 780 2155 itt
825 1981 1114 2135 tretium
1163 1917 2150 2157 {ditruterrmttutsrcatffi

125 2158 216 2225 bona
237 2177 355 2243 opera,
374 2157 464 2224 sicut
486 2154 612 2223 Paulus
633 2157 752 2241 inquit:
783 2154 969 2236 Persidem
989 2157 1112 2222 etotitt-
1162 2162 1302 2229 minum
1324 2154 1476 2237 Darium,
1498 2163 1708 2238 quaestorem.

125 2263 197 2312 suet
216 2247 338 2326 baem:
357 2242 450 2309 addit
471 2243 514 2308 de
535 2239 701 2308 fructibus
721 2242 944 2325 poeniteutiae
966 2251 999 2306 et
1020 2240 1110 2307 ildei:
1249 2240 1357 2306 Taxat
1374 2253 1485 2308 eutem
1503 2240 1669 2306 lohannes
1690 2246 1866 2322 πλεονεξίαν
1881 2237 2148 2327 publicanorum,

129 2331 192 2409 Oct
209 2332 307 2397 tutet
325 2331 411 2396 meos
431 2336 552 2408 mter,
575 2331 631 2395 det
649 2348 748 2393 unum
769 2336 892 2412 epentt:
913 2328 947 2392 id
968 2338 1033 2406 est,
1055 2348 1112 2394 ex·
1163 2346 1206 2395 eo
1227 2328 1322 2412 ipso,
1379 2329 1447 2392 uod
1478 2338 1571 2392 vetat
1602 2323 1678 2414 plus
1700 2329 1846 2414 exigere,
1867 2348 1968 2414 quam
1989 2327 2150 2393 constitu·

126 2426 239 2484 ereata
262 2411 473 2481 dilectionem
494 2425 651 2492 mutuam
674 2424 708 2479 et
728 2413 802 2479 sitis
822 2413 988 2479 intervos
1010 2415 1112 2480 bene·
1162 2424 1233 2480 turn
1255 2424 1319 2479 est.
1394 2433 1466 2492 am,
1485 2424 1522 2480 ut
1544 2424 1779 2498 compararent
1801 2414 1865 2479 sibi
1887 2431 2028 2502 magnas
2050 2431 2147 2497 opes,

44 2528 47 2533 ·
124 2498 193 2569 fici.
226 2500 390 2587 Loquitur
410 2500 453 2568 de
474 2498 719 2588 eleemosynis,
744 2510 779 2565 et
799 2499 952 2567 omuibus
975 2497 1115 2581 officiis,
1162 2520 1230 2565 uon
1253 2509 1380 2565 tantum
1400 2496 1459 2564 illa
1480 2501 1737 2585 extorquebant,
1759 2518 1847 2586 quae
1868 2508 1964 2564 erant
1985 2495 2151 2565 solvenda

150 2588 248 2655 uibus
269 2587 435 2653 iurandus
458 2592 511 2652 est
532 2589 716 2671 proximus.
763 2585 901 2652 Modum
923 2595 1034 2652 autem
1055 2587 1112 2652 de·
1163 2585 1412 2669 superioribus,
1445 2586 1507 2649 sed
1539 2583 1606 2650 alia
1633 2585 1781 2670 insuper,
1813 2586 1903 2654 unde
1927 2585 1993 2670 ipsi
2019 2582 2150 2651 lucrum

125 2605 210 2752 fqtnu,
233 2674 322 2740 sicut
349 2669 517 2751 Christus,
539 2673 705 2756 inquiens:
740 2669 830 2737 Date
854 2673 897 2736 de
922 2691 1022 2756 super
1103 2694 1111 2733 ε
1163 2668 1325 2736 facerent.
1367 2670 1449 2735 lnde
1476 2670 1603 2736 Romae
1629 2669 1824 2738 factasunt
1851 2672 1971 2738 adacta
1997 2679 2150 2756 repetita·

126 2760 162 2826 ld
184 2771 249 2838 est,
270 2759 347 2824 date
368 2778 431 2842 pro
453 2754 682 2833 facoltatibus3
701 2761 734 2820 ἐκ
754 2757 813 2820 τῶν
834 2755 974 2820 ἐνόντοοε
1004 2677 1111 2823 mo
1162 2759 1280 2824 donem
1300 2765 1333 2822 et
1349 2761 1527 2838 peculatus,
1549 2756 1670 2841 quibus
1691 2759 1951 2837 accusabantur,
1972 2759 2029 2843 qui
2049 2755 2149 2823 nima
2188 2830 2192 2836 ¹

125 2845 218 2931 quod
239 2843 381 2908 habetis.
424 2841 469 2908 Et
488 2839 631 2909 Paulus:
663 2843 735 2908 Νοο
756 2851 794 2908 ut
811 2843 862 2907 ittt
881 2848 927 2908 ait
945 2849 1058 2926 ottum,
1080 2849 1116 2910 et
1163 2839 1391 2927 expilaverant
1423 2842 1590 2921 homines,
1634 2862 1735 2929 supra
1769 2863 1869 2930 quam
1901 2839 1997 2931 leges
2028 2861 2149 2909 conce·

122 2933 187 2997 titt
216 2930 361 3014 afflictio.
415 2926 576 2994 Salomon
608 2946 743 3015 quoque
774 2926 872 2992 dicit:
917 2927 1036 2996 Fontes
1066 2934 1115 2994 tut
1164 2929 1297 2994 debant.

126 3017 316 3083 mentm
333 3019 445 3096 foros,
464 3023 501 3083 et
517 3023 553 3081 tu
573 3017 731 3080 Dominus
751 3032 862 3080 eorum
883 3023 962 3082 esto.
1004 3012 1112 3079 Nemo
1156 3091 1160 3099 .
1248 3010 1391 3080 Multum
1418 3024 1529 3079 tameo
1551 3011 1770 3100 indulgebant
1791 3012 1933 3080 Romani
1959 3010 2150 3100 publicanis

127 3112 182 3167 est
202 3101 385 3167 eiiciendus
408 3121 450 3165 ex
470 3100 618 3187 proprio,
639 3101 701 3166 sed
727 3099 899 3165 retinenda
919 3111 974 3166 est
997 3100 1113 3166 distin·
1162 3100 1251 3165 suls:
1272 3100 1351 3184 quia
1372 3101 1407 3164 iu
1422 3098 1534 3185 ampla
1551 3101 1792 3186 gubernatione
1809 3120 1895 3186 opus
1911 3111 1966 3165 eat
1988 3099 2150 3166 eiusmodi
2222 3170 2225 3174 ,

127 3186 194 3254 ctio
213 3187 432 3252 dominiorum
453 3198 487 3252 et
508 3186 728 3273 proprietatis.
770 3182 878 3252 Multa
901 3197 979 3252 suut
1001 3187 1112 3252 dando
1162 3185 1360 3251 hominibus:
1382 3204 1487 3272 penes
1509 3205 1596 3270 quos
1618 3187 1662 3250 sit
1683 3186 1825 3270 pecunia
1852 3198 1982 3270 perata.
2026 3184 2150 3251 Cicero
2179 3238 2183 3245 .

128 3274 322 3360 egentibus3
344 3269 457 3338 fontes
478 3285 590 3338 tamen
612 3282 692 3337 sunt
712 3271 883 3337 retinendi.
1135 3271 1278 3409 'habuit
1299 3269 1498 3355 publicanos
1520 3273 1554 3336 in
1576 3271 1724 3350 bonore,
1751 3283 1789 3336 ut
1816 3283 1934 3357 posset
1962 3272 2007 3337 ad
2029 3289 2150 3337 omues

212 3359 269 3424 Ad
290 3356 489 3445 publicanos
511 3358 630 3445 inquit:
675 3361 746 3424 Non
762 3362 841 3443 pieta
860 3361 990 3440 eripite
1017 3377 1112 3443 οοοοο
1163 3376 1265 3422 casus
1287 3358 1417 3423 subitos
1445 3358 1479 3420 in
1508 3369 1664 3442 promptu
1692 3357 1820 3423 habere
1846 3359 2044 3443 pecuniam*
2076 3355 2149 3422 Rex

126 3447 330 3514 constituerem
351 3451 410 3510 est.
1163 3438 1313 3507 Gallicus
1335 3441 1536 3508 Franciscus
1562 3441 1678 3508 hahuit
1704 3445 1870 3529 quendam
1896 3441 2150 3522 thesaurarium,

1162 3547 1260 3614 quern
1279 3535 1409 3611 putrem
1426 3547 1522 3593 suum
1544 3529 1750 3607 nominavit,
1782 3530 1845 3594 etsi
1866 3540 1986 3613 postea
2007 3546 2067 3594 sus
2092 3548 2148 3593 en·

1163 3616 1211 3679 dit
1231 3614 1431 3763 “mtffd
1453 3609 1516 3678 fuit
1536 3614 1703 3693 atrocius,
1731 3634 1831 3699 quam
1862 3634 1938 3679 curu
1965 3614 2054 3679 idem
2106 3633 2149 3680 ex

269 3739 351 3845 Qui
380 3741 566 3823 homines
586 3750 715 3846 ‚erant
742 3739 979 3851 publicani?
1162 3696 1529 3864 ltt'litttlt
1547 3697 1760 3872 ibiibi?
1777 3716 2163 3852 :ltrttlt‘tttttt

1164 3868 1358 3958 dignitatem
1380 3883 1415 3937 et
1436 3870 1565 3938 titulum
1587 3871 1811 3957 pontificatus.
1855 3869 1940 3936 Cum
1961 3871 2048 3936 Rex·
2063 3870 2148 3937 indi·

214 3957 346 4024 Graece
374 3956 586 4022 nominantur
617 3954 762 4034 τελῶναι,
800 3955 900 4040 quod'
917 3974 1038 4020 nomen
1060 3967 1113 4021 est
1164 3966 1260 4042 geret
1281 3958 1441 4041 pecunia,
1462 3957 1643 4023 accersivit
1663 3958 1707 4022 ad
1729 3976 1770 4040 se
1790 3954 2019 4036 Gardinalem‚
2048 3975 2148 4042 quem

127 4049 263 4122 οτλλος,
285 4053 319 4108 et
342 4040 477 4122 ὄνοῦμαο.
520 4040 621 4124 Apud
643 4039 782 4106 Paulum
815 4052 894 4106 sunt
926 4042 992 4106 duo
1013 4061 1113 4107 voca·
1163 4043 1294 4108 sciebat
1314 4043 1525 4109 ambitiosum
1546 4060 1637 4109 esse.
1670 4041 1829 4109 Narravit
1839 4043 1882 4123 ei,
1903 4040 2042 4109 Paulum
2064 4062 2147 4128 pou·

127 4129 219 4210 bula,
241 4128 398 4213 Φόροςολ
419 4133 511 4202 τέλος.
540 4126 641 4213 Φόρος
661 4137 742 4192 sunt
762 4128 887 4191 reditus
910 4146 951 4191 ex
967 4128 1059 4214 agris
1082 4138 1114 4192 et
1163 4127 1286 4193 tilicem
1312 4148 1391 4193 esse
1413 4139 1589 4194 mortuum.
1633 4125 1693 4194 ille
1722 4129 1835 4194 statim
1857 4129 2048 4196 subiunxitz
2087 4127 2147 4194 Se-

125 4212 305 4284 fructibusr
351 4221 452 4296 perois
480 4216 679 4280 automata
707 4232 775 4279 corn
799 4216 914 4295 tante,
948 4223 997 4291 ut,
1023 4213 1114 4298 quod
1146 4215 1337 4295 ¹renissime
1358 4214 1449 4293 Rex,
1482 4215 1662 4280 interesset
1694 4225 1806 4280 restra
1838 4226 1872 4280 et
1899 4212 2089 4293 multorum,
2109 4225 2148 4280 ut

126 4305 285 4389 princeps
317 4298 439 4386 aliquis
471 4297 574 4365 habet
607 4318 649 4364 ex
681 4297 748 4365 hac
778 4294 990 4383 praefectura
1021 4296 1113 4363 mille
1135 4349 1140 4380 ,
1163 4295 1284 4385 aliquis
1317 4299 1509 4386 eligeretur,
1542 4302 1597 4385 qul
1630 4301 1690 4365 tibi
1722 4313 1756 4365 et
1787 4318 1893 4386 regno
1927 4313 1986 4367 tuo
2018 4301 2147 4367 amicus

126 4389 258 4454 modios
280 4383 454 4465 frumenti,
484 4404 526 4450 ex
547 4381 613 4451 alia
635 4381 724 4450 mille
745 4383 925 4468 amphoras
947 4383 1027 4463 viui,
1048 4395 1110 4451 etc.
1164 4398 1267 4450 esset.
1310 4383 1496 4471 Respondit
1516 4384 1603 4450 Rex:
1641 4385 1768 4452 Verum
1790 4399 1858 4451 est:
1881 4398 1916 4452 et
1937 4386 2040 4472 quid?
2061 4386 2147 4452 site
2248 4406 2253 4417 ·

128 4474 226 4551 Τέλος
246 4472 414 4560 significat
435 4469 631 4559 vectigalia,
662 4480 700 4536 ut
720 4470 848 4536 reditus
870 4490 912 4537 ex
932 4471 1113 4557 portubus3
1162 4490 1340 4554 possemus
1363 4467 1520 4538 sufficere
1542 4473 1576 4536 in
1596 4468 1686 4537 illius
1708 4469 1844 4539 locum?
1875 4473 2020 4551 Utinam,
2039 4471 2148 4558 iuquit

126 4558 214 4629 sicut
242 4559 416 4626 Palatinus
447 4559 552 4624 habet
572 4557 753 4644 quotannis
779 4554 908 4643 aliquot
928 4553 1031 4622 millia
1052 4555 1113 4622 llo·
1163 4555 1232 4634 ille,
1254 4557 1321 4624 hoo
1343 4557 1416 4623 lieri
1441 4567 1568 4641 posset.
1613 4558 1681 4623 Sed
1714 4578 1798 4643 opus
1827 4569 1880 4623 est
1906 4558 2146 4642 pecunia,‘ait

43 4668 47 4674 ·
83 4642 94 4685 ‘¹
126 4667 284 4715 ranorum
305 4665 349 4713 ex
371 4643 592 4733 vectigalibus
616 4643 660 4709 ad
681 4641 845 4708 Rhenum.
890 4642 949 4708 Sic
969 4640 1113 4730 Mogrm·
1163 4641 1248 4722 Rex,
1269 4644 1313 4707 ad
1334 4642 1423 4708 hanc
1444 4662 1514 4708 rem
1537 4643 1795 4722 conficiendam,
1822 4664 1920 4729 quam
1948 4644 2047 4709 modo
2076 4663 2146 4709 nou

125 4734 228 4814 tinus,
249 4744 314 4799 etc.
359 4731 535 4799 Vocantur
556 4749 640 4817 ergo
665 4730 811 4804 τελῶναι,
839 4728 918 4814 quia
943 4726 1113 4795 habebant
1162 4727 1283 4794 habeo.
1328 4727 1516 4795 Cardiualis
1549 4730 1641 4808 dixit,
1674 4748 1714 4795 se
1745 4728 1873 4795 habere
1895 4730 2028 4796 circiter
2059 4730 2147 4795 duas
2242 4730 2247 4735 “

125 4831 257 4906 emptos
278 4820 417 4886 reditus.
460 4816 704 4885 Gonduoebuut
750 4809 975 4893 raefecturas,
997 4826 1032 4880 et
1055 4815 1111 4880 da·
1162 4825 1283 4878 tonnas
1306 4817 1390 4881 auri.
1444 4813 1535 4896 Rex,
1565 4817 1647 4880 satis
1675 4834 1774 4894 esse,
1805 4816 1927 4899 inquit3
1954 4835 1993 4881 se
2016 4816 2058 4880 de
2079 4833 2144 4879 suo

102 4907 208 4976 'hant
229 4918 356 4972 certum
376 4907 552 4992 pecuniam
574 4902 706 4969 senatui
759 4920 890 4967 omano-
935 4899 972 4966 Si
998 4899 1113 4967 hebuit
1162 4901 1350 4967 additurum
1382 4897 1517 4985 aliquid.
1563 4901 1633 4967 Sed
1666 4897 1766 4984 paulo
1798 4910 1876 4983 post
1909 4898 2033 4966 allatae
2065 4912 2143 4967 suut

126 4989 248 5076 aliquis
269 4994 474 5080 provinciam
499 4992 564 5058 sibi
586 4988 767 5069 elocutam,
794 4988 825 5052 is
847 4988 1043 5052 numerabat
1068 5005 1111 5051 ex
1160 4983 1294 5066 literae,
1324 5007 1410 5073 quae
1431 4983 1621 5053 referebant
1643 4982 1782 5051 Paulum
1804 4985 1929 5070 Papam
1957 4986 2068 5053 adhuc
2097 4987 2144 5051 vi·

126 5079 288 5146 reditibus
304 5089 337 5145 et
358 5078 584 5167 vectigalibus
606 5074 697 5143 illius
721 5074 930 5163 provinciae,
951 5084 1110 5159 quantuor
1161 5092 1251 5138 vere.
1295 5071 1345 5138 lto
1366 5071 1440 5138 Rex
1461 5072 1607 5138 emunxit
1626 5067 1719 5139 illum
1740 5072 1892 5158 pecunia.
