4620 5588
32 152 41 159 ’
135 173 260 281 031ι
774 173 886 243 ema.
908 172 1012 242 uas.
1034 171 1224 242 sontem
1243 171 1556 240 amoenos.-
1802 212 1808 227 ·
1962 238 1969 245 s.
2091 169 2159 240 ooo

136 363 420 446 tarentasiae,
433 362 1139 446 atreo-attonaetpraecetottotttattaaa,·
1175 360 1323 441 divinae,
1354 361 1446 426 iuxta
1469 361 1607 427 dictum:
1640 365 1812 429 Poterant
1834 370 1868 429 tn
1889 382 1956 444 me,
1989 360 2024 429 'et
2041 382 2099 445 epo
2122 369 2158 429 tn

137 459 194 536 qut
212 452 320 533 potuit
344 455 448 532 bonam
476 469 608 515 terrare
630 458 803 527 eeroorte,
825 458 860 514 et
878 451 1052 515 eumdum
1074 455 1124 515 eet
1170 455 1276 533 patre.
1330 445 1381 513 'l'u
1403 445 1503 513 tolles
1530 459 1688 526 mortem,
1720 460 1754 513 et
1785 448 1908 514 reddes
1935 449 2047 514 vitam.
2096 445 2158 516 llla

136 546 274 624 propter
295 536 510 601 reverentiam
532 556 640 618 aanor,
672 533 734 599 dni
755 536 808 616 τῆς
830 532 1005 618 εὐλαβείας,
1038 537 1126 620 qood
1173 543 1252 599 sunt
1273 532 1405 599 divinae
1427 535 1604 622 potentiae.
1648 530 1770 616 Contra
1798 537 1818 601 't
1837 542 1871 602 tn
1892 538 1946 601 dic
1968 542 2039 602 trae
2059 556 2158 601 moe:

138 628 242 691 oam
263 623 472 688 reverebatur
499 629 533 686 et
552 628 585 686 et
604 622 778 688 obediebat.
823 619 886 687 dno*
908 619 1041 706 ponitur
1058 641 1120 706 pro
1173 619 1206 683 id
1230 629 1283 684 cst
1303 619 1439 704 imperia
1456 620 1569 685 mundi
1590 555 1801 686 resistendi*

135 719 285 796 propter,
315 727 408 771 ruore
431 705 677 786 Hebraeorum,
700 727 722 771 a
745 706 788 771 ud
812 726 898 793 quos
917 707 1121 793 praepositio
1173 701 1275 792 gelio,
1298 706 1359 771 sed
1372 703 1526 771 Christus
1549 706 1661 772 vincet
1682 719 1714 773 et
1737 708 1887 774 destruet
1909 703 1976 772 ifle.
2011 707 2161 791 Implebit

137 800 207 864 Min
229 814 332 877 saepe
355 805 406 857 est
429 790 603 858 caussalis.
635 792 711 898 lpse
758 794 835 858 abet
856 795 1122 879 promissionem,
1173 797 1300 872 ruinas]
1322 791 1438 870 idest,
1459 787 1559 857 saciet
1581 813 1633 857 ma
1682 813 1722 874 os
1746 792 1898 859 cumulos
1927 790 1984 860 vel
2011 814 2156 860 acervos

139 881 229 968 quod
253 880 456 943 exaudiatur.
512 877 598 944 Hinc
630 880 769 957 videtis,
800 893 927 964 quanta
954 874 1053 944 fuerit
1075 879 1122 944 in·
1175 877 1385 961 cadaverum,
1406 878 1439 943 id
1462 889 1526 958 est,
1549 880 1635 944 inter·
1662 879 1725 945 ciet
1747 879 1909 944 inimicos.

140 966 236 1034 scitia
259 965 471 1044 ludaeorum,
503 965 593 1051 quod
616 961 675 1030 illa
701 986 769 1029 non
791 962 1035 1044 intellexerunt,
1056 963 1122 1030 imo
1260 967 1424 1031 Poteram
1441 971 1550 1049 capito
1571 965 1606 1030 in
1621 974 1713 1032 terra
1734 967 1919 1048 multorom]
1941 965 1974 1030 id
1998 976 2060 1043 est,
2084 966 2157 1031 sive

140 1053 424 1138 depravaverunt,
481 1052 533 1116 ula
555 1051 707 1116 dixerunt
738 1048 830 1116 illurn
851 1048 1020 1116 Psalmurn
1043 1071 1121 1116 con·
1173 1049 1313 1135 Imperia
1352 1050 1564 1116 adversantia
1602 1048 1808 1139 Evangelio,
1848 1054 1920 1118 sive
1953 1048 2156 1117 Romanum:

140 1138 266 1204 clouari
296 1139 337 1201 de
366 1136 420 1201 Ab
543 1183 555 1218 ‚
589 1151 622 1203 et
649 1138 795 1224 promitti
828 1138 857 1202 ei
891 1135 1123 1202 Sacerdotium
1174 1136 1261 1201 sicut
1288 1132 1389 1222 aliqui
1418 1135 1673 1215 intellexerunt3
1704 1138 1766 1202 sed
1799 1150 1912 1224 potest
1943 1135 2084 1224 intelligi
2115 1139 2157 1203 de

139 1224 335 1292 Leviticum.
1175 1220 1277 1308 Papa,
1299 1219 1420 1302 Turca,
1450 1235 1482 1288 et
1505 1224 1658 1288 omnibus
1679 1225 1935 1289 adversantibus
1959 1221 2155 1310 Evangelio.

232 1314 276 1376 To
305 1329 340 1376 ee
361 1312 516 1376 sorados
536 1311 571 1374 in
594 1314 783 1389 oeconoma]
829 1308 864 1373 Si
886 1321 939 1374 est
961 1309 1122 1374 sacerdos
1173 1305 1317 1373 Messias
1332 1307 1482 1375 destruet
1497 1311 1634 1396 imperia
1648 1310 1773 1388 mundi,
1797 1322 1831 1375 et
1853 1312 2034 1376 constituet
2051 1322 2154 1375 aeter·

140 1407 314 1468 aeternus:
347 1416 429 1483 ergo
464 1397 525 1460 erit
557 1394 629 1461 eius
655 1393 800 1480 populus
833 1407 1005 1462 aeternus:
1039 1414 1121 1481 ergo
1176 1415 1428 1482 uumrcgnurn.
1474 1393 1527 1461 De
1547 1404 1692 1462 torrente
1713 1402 1747 1463 tn
1776 1403 1828 1463 ota
1857 1400 1961 1479 debet]
2007 1393 2069 1460 Est
2089 1417 2156 1461 me·

108 1496 110 1498 ’
140 1483 204 1551 erit
226 1484 294 1548 vita
317 1494 464 1547 aeterna.
520 1480 701 1568 Aeternum
734 1482 978 1559 sacerdotium,
1007 1493 1041 1546 et
1063 1501 1123 1566 po·
1176 1479 1335 1565 taphora3
1367 1481 1400 1545 id
1430 1495 1499 1560 est,
1531 1485 1720 1566 experietur
1753 1495 1903 1548 mortem.
1953 1482 2029 1566 lpse
2062 1482 2155 1546 dicite

105 1575 114 1588 ”
139 1567 239 1721 pulos
274 1578 431 1634 aeternus
465 1566 589 1633 habent
622 1589 661 1632 se
693 1563 904 1634 correlative.
959 1566 1035 1632 Nou
1070 1579 1124 1633 est
1175 1571 1258 1634 liam
1274 1573 1413 1650 potestte
1433 1568 1691 1651 didascalicam,
1713 1571 2017 1652 menepoottam?
2037 1568 2155 1634 Bibetr

171 1653 308 1733 eclesia,
333 1656 397 1719 nisi
420 1656 501 1718 certi
525 1654 732 1730 sacerdotis3
755 1666 787 1718 et
800 1673 867 1719 non
885 1665 938 1721 est
949 1653 1124 1732 sacerdos,
1175 1653 1295 1732 idest,
1329 1655 1471 1737 patietur
1488 1665 1645 1732 mortem;
1678 1655 1830 1740 qnando?
1873 1659 1912 1721 ln
1934 1661 2002 1732 ota,
2035 1656 2156 1734 idest,

139 1743 207 1808 nisi
228 1751 340 1807 certae
363 1739 538 1805 Ecclesiae
560 1741 736 1806 sacerdos.
1177 1739 1285 1803 donec
1324 1741 1358 1803 in
1391 1737 1591 1805 mortalitate
1630 1743 1838 1820 versabitur,
1881 1741 1944 1806 erit
1983 1742 2155 1808 subiectus

228 1826 411 1894 Secundum
449 1830 597 1893 ordinem
625 1826 855 1906 Metcdttetiee]
897 1824 1124 1891 Melchisedec
1200 1825 1323 1890 assioni
1347 1839 1380 1890 et
1403 1828 1510 1891 morti.
1556 1824 1839 1911 Sedpropterar,
1868 1828 1994 1905 idest,
2044 1838 2158 1910 ropter

140 1910 203 1979 fuit
224 1927 363 1978 sanctus
386 1915 446 1985 vir,
469 1925 673 1978 coaetaneus
695 1909 864 1991 Abrahae,
885 1909 946 1976 tutt
968 1924 1047 1977 aute
1067 1912 1124 1976 da·
1176 1847 1265 1977 dano
1286 1913 1478 1995 passionem
1501 1924 1534 1976 et
1555 1925 1703 1996 mortem,
1725 1925 1863 1999 propter
1884 1912 1972 1981 hanc
2001 1849 2158 1979 odedien-

141 2009 209 2066 tam
231 1998 353 2084 legem,
387 1996 448 2063 luit
480 2019 539 2063 rex
574 1999 700 2075 iustus,
733 1999 858 2077 idest,
890 1995 951 2062 fuit
973 2018 1060 2063 unus
1083 2019 1124 2062 ex
1178 1997 1268 2077 tiam,
1291 2000 1449 2064 aeododtt
1467 2004 1585 2082 caput]
1609 2001 1642 2063 id
1665 2011 1728 2079 est,
1757 2012 1910 2086 resurget
1934 2012 1972 2065 ‘et
1994 2000 2157 2086 regnabit.

142 2086 427 2176 gubernatoribus
450 2085 585 2151 summis
609 2086 641 2150 in
663 2082 830 2163 Ecclesia,
851 2096 886 2148 et
908 2098 959 2150 est
982 2104 1124 2149 consen·
1177 2080 1246 2147 lsta
1268 2094 1321 2147 est
1342 2085 1510 2151 enarratio
1533 2099 1668 2170 vera,et
1690 2081 1840 2169 simplex.
1875 2085 1985 2152 ludaei
2009 2106 2158 2151 corrum-

22 2225 29 2242 .
141 2182 286 2251 sancum,
308 2171 398 2255 quod
420 2172 464 2235 sit
480 2169 560 2236 'Sem
582 2169 670 2236 filius
693 2169 824 2250 liobae,
853 2170 925 2255 ipse
946 2167 1125 2234 Melchise-
1176 2181 1270 2253 punt,
1290 2176 1340 2236 ate
1356 2174 1491 2237 otooden
1519 2174 1661 2238 darona:
1692 2170 1871 2238 Veniemus
1899 2173 1933 2238 in
1955 2171 2158 2260 Aegyptum,

142 2259 217 2337 dec,
263 2257 295 2322 ui
319 2257 518 2323 describitur
539 2259 571 2320 in
591 2255 728 2334 Genesi,
750 2256 804 2341 qui
828 2256 909 2321 vixit
930 2275 1038 2321 annos
1060 2254 1125 2320 350
1177 2265 1211 2319 et
1228 2257 1379 2320 bibemus
1401 2254 1554 2342 deNilo.
1804 2330 1808 2335 ‚

141 2355 219 2432 post
240 2279 400 2409 diluvium
423 2364 497 2408 curn
515 2341 624 2422 Noha,
648 2353 742 2427 patre
764 2362 836 2408 suo.
880 2340 955 2409 Fuit
976 2361 1124 2407 summus
1262 2339 1368 2407 'lotus
1393 2334 1549 2408 Psalntus
1573 2354 1625 2407 est
1642 2344 1788 2428 narratio
1814 2345 1856 2409 de
1879 2342 2032 2423 Christo,
2067 2344 2157 2429 quod

142 2430 325 2508 sacerdos,
358 2448 507 2494 summus
541 2430 661 2495 doctor
693 2439 770 2514 post
791 2427 874 2492 Noe.
930 2428 1007 2494 ldeo
1035 2429 1126 2494 venit
1177 2427 1222 2491 sit
1239 2424 1341 2495 Filius
1375 2426 1457 2509 Del,
1490 2431 1579 2515 quod
1614 2432 1657 2494 sit
1678 2427 1764 2511 Rex,
1822 2430 1887 2496 uod
1908 2432 1952 2495 sit
1971 2429 2141 2495 Sacerdos
2149 2451 2160 2503 ς

140 2513 313 2585 Abraham
325 2518 367 2580 ad
378 2537 466 2596 eum,
487 2527 522 2580 et
533 2515 610 2581 Sem
633 2516 797 2581 benedicit
820 2516 859 2580 ei.
894 2512 1051 2580 Christus
1073 2523 1127 2580 est
1178 2514 1355 2601 requiritur
1387 2527 1498 2582 autern
1531 2515 1718 2602 applicatio.
1814 2537 1854 2582 os
1893 2515 1957 2582 fide
1997 2516 2158 2582 debemus

142 2602 307 2670 sacerdos
330 2603 512 2667 secundum
546 2603 695 2667 ordinem
718 2598 965 2680 Melchisedec,
997 2601 1029 2666 id
1060 2611 1124 2680 est,
1178 2610 1327 2667 statuere
1348 2599 1438 2667 hunc
1460 2599 1628 2668 Christum
1651 2602 1749 2667 nobis
1778 2624 1910 2691 quoque
1937 2622 2016 2668 esse
2037 2604 2157 2669 Sacer·

77 2733 78 2737 =
140 2709 210 2755 non
232 2690 414 2754 secundnm
431 2687 528 2769 Levi3
552 2690 628 2775 quia
645 2686 872 2753 Melchisedec
894 2702 946 2753 est
963 2689 1125 2753 sacerdos
1178 2687 1302 2768 dotem,
1326 2701 1358 2753 et
1380 2686 1473 2754 illum
1497 2709 1610 2774 regern
1632 2689 1729 2754 nobis
1751 2709 1831 2755 esse
1852 2710 1987 2779 regem,
2020 2700 2054 2754 et
2076 2687 2159 2754 fidu·

141 2777 357 2844 benedicens.
400 2777 446 2842 Es
467 2781 511 2860 tat
532 2777 595 2840 oiol
613 2777 749 2841 acbdnee
769 2776 865 2855 donor
887 2774 1003 2841 bieria.
1042 2770 1125 2839 Mel·
1178 2774 1230 2840 cia
1252 2773 1349 2840 buius
1373 2773 1566 2839 Sacerdotis
1600 2777 1758 2842 debemus
1786 2776 1949 2842 accedere
1970 2776 2013 2841 ad
2035 2774 2158 2855 Deum,

143 2861 302 2929 chisedec
324 2873 377 2928 est
408 2882 469 2927 rex
497 2861 623 2940 iustus,
660 2872 694 2926 et
715 2862 927 2926 benedicens.
972 2859 1127 2925 ldeoest
1178 2872 1326 2927 statuere
1348 2879 1412 2924 nos
1433 2862 1588 2947 accipere
1609 2860 1694 2927 haec
1716 2861 1878 2927 beneficia
1889 2873 2025 2948 propter
2035 2863 2158 2945 ipsum,

140 2959 241 3036 typus
269 2946 407 3026 Christi,
437 2947 515 3032 quia
537 2943 692 3012 Christus
725 2957 779 3011 est
800 2968 874 3027 rex,
910 2948 965 3034 qui
981 2967 984 2972 ¹
1000 2957 1125 3024 servat,
1178 2946 1407 3013 remissionem
1446 2960 1678 3032 peecatorum,
1719 2948 1965 3033 imputationem
2004 2947 2158 3026 iustitiae,

140 3035 300 3121 protegit,
323 3046 356 3098 et
378 3034 435 3098 dat
457 3033 622 3098 iustitiam.
667 3033 763 3112 ltern,
791 3044 843 3097 est
864 3033 1042 3112 sacerdos,
1069 3032 1125 3119 qui
1178 3033 1337 3118 Spiritum
1360 3045 1526 3110 sanctum,
1559 3044 1592 3099 et
1626 3035 1726 3098 vitam
1754 3046 1935 3099 aeternam.
1983 3031 2157 3100 Debemus

87 3171 91 3178 .
140 3121 320 3187 benedicit.
1178 3119 1276 3184 etiam
1298 3130 1412 3206 petere
1429 3119 1703 3205 gubernationem
1714 3121 1747 3184 in
1760 3120 1848 3184 omni
1866 3121 1946 3199 vita,
1969 3139 2159 3225 agnoscere

514 3241 515 3244 π
1178 3225 1253 3272 eum
1281 3226 1362 3272 vere
1396 3222 1474 3270 esse
1496 3206 1686 3314 pontilicem
1699 3253 1712 3285 ,
1750 3207 1807 3292 qui
1840 3227 1929 3270 nunc
1960 3200 2159 3311 etram‘stet

380 3346 490 3452 aaa
521 3360 584 3431 aa
613 3348 889 3436 benediceret
1178 3288 1814 3464 abstitit‘Lt‘gtttt'i‘ittlttt
1859 3290 2158 3458 diffiniit

360 3458 361 3461 '
1178 3475 1212 3530 te
1234 3464 1354 3530 fiducie
1377 3461 1449 3529 Filii
1468 3467 1660 3534 Sacerdotis
1682 3467 1804 3530 stantis
1828 3485 1941 3529 coram
1965 3476 2008 3542 te,
2040 3474 2075 3528 et
2094 3483 2157 3548 pro

232 3549 293 3614 Est
314 3545 492 3628 affirmare,
513 3548 603 3635 quod
625 3548 722 3615 Deus
743 3550 801 3614 tibi
830 3548 875 3613 sit
896 3547 1060 3634 placatus,
1074 3549 1127 3615 stt
1179 3570 1232 3616 me
1254 3551 1478 3634 deprecantis.
1523 3550 1570 3616 Te
1593 3554 1690 3618 etiarn
1714 3571 1786 3630 oro,
1816 3548 1877 3614 Fili
1900 3548 1976 3630 Dei,
2005 3549 2156 3634 perferas

33 3688 43 3705 .
146 3638 205 3703 tibi
230 3638 402 3722 propitius,
425 3636 482 3721 qni
505 3634 577 3701 vult
599 3647 632 3700 ta
655 3655 807 3715 servare,
835 3636 894 3701 tibi
918 3633 1126 3701 benefacere.
1177 3657 1252 3702 mea
1274 3649 1352 3702 vota
1375 3637 1416 3701 ad
1439 3636 1588 3722 Patrem,
1621 3641 1678 3706 tibi
1702 3636 1897 3702 commendo
1920 3654 1990 3713 rna,
2022 3648 2057 3700 tn
2079 3636 2158 3700 rnihi

106 3767 110 3774 ·
145 3720 195 3792 Ea'
212 3723 306 3801 laetat,
327 3726 407 3789 arder
428 3723 523 3789 mnan
540 3725 650 3804 pande
669 3725 740 3788 and
760 3731 836 3805 pute
860 3721 1036 3803 spreobnr,
1066 3725 1128 3789 dat
1178 3724 1227 3787 sis
1248 3722 1490 3802 umbraculum,
1513 3736 1547 3790 tu
1570 3747 1635 3791 nos
1654 3721 1826 3792 delendas.
1861 3721 2039 3788 ltamelius
2062 3719 2156 3787 intel·

146 3815 233 3877 beist
243 3830 375 3891 saonen,
387 3810 584 3873 annuntiare
592 3808 818 3873 remissionem
828 3821 1057 3893 peccatorum,
1068 3829 1126 3872 an·
1177 3806 1319 3895 ligemus
1342 3809 1404 3874 ista
1427 3810 1460 3874 in
1478 3807 1712 3894 applicatione,
1733 3829 1818 3895 quoe
1841 3821 1893 3873 est
1914 3808 2101 3874 exercenda
2123 3809 2157 3871 in

146 3898 308 3974 nuntiare,
332 3892 528 3981 quodDeus
549 3893 648 3972 adsit,
669 3895 758 3981 quod
769 3891 850 3959 velit
862 3913 940 3958 esse
956 3894 1126 3980 proprius,
1178 3896 1371 3981 quotidiana
1392 3897 1615 3966 invocatione.
1662 3896 1816 3963 Christus
1845 3892 2058 3978 reprehendit
2079 3891 2157 3959 illas

146 3985 234 4070 quod
254 4003 319 4047 non
329 3979 409 4047 velit
420 3981 566 4047 abiicere
576 3999 640 4044 uos
662 3982 695 4044 in
706 3992 861 4045 aeternas
877 4000 1016 4065 poenas,
1035 3979 1125 4066 quod
1178 3982 1336 4047 tenebras
1354 3983 1387 4046 in
1411 3978 1613 4065 Pharisaeis,
1636 3985 1690 4070 qni
1714 4002 1781 4046 non
1804 3994 1924 4047 norant
1951 3991 2042 4046 recte
2063 3981 2158 4046 iuvo-

146 4089 213 4134 non
239 4068 316 4133 velit
340 4068 439 4132 irasci
471 4068 583 4145 nobis,
616 4086 683 4131 non
717 4067 834 4151 exequi
868 4065 1068 4133 horrendem
1091 4076 1125 4130 et
1178 4088 1276 4145 care,
1309 4082 1341 4132 et
1375 4064 1421 4131 illi
1446 4079 1523 4132 sunt
1555 4073 1590 4137 in
1609 4070 1771 4137 similibus
1799 4068 1964 4150 tenebris,
1999 4067 2055 4152 qui
2088 4087 2158 4131 non

145 4156 266 4220 iustam
289 4157 383 4233 iram,
407 4154 467 4219 sed
490 4155 579 4240 quod
603 4149 682 4219 velit
703 4172 842 4238 parcere
865 4165 1000 4239 propter
1022 4148 1123 4217 filium
1178 4155 1327 4241 cogitant
1350 4150 1418 4219 illa.
1806 4155 1808 4158 ⁴

146 4263 254 4307 snum.
299 4239 394 4305 Deus
412 4240 564 4388 dpcendo
597 4236 688 4304 iacit.
732 4237 873 4312 Quando
897 4238 991 4304 Deus
1024 4238 1124 4303 bena
1320 4323 1325 4331 ι
1381 4242 1382 4246 ’

146 4324 1125 4494 tattumulata..tat..tttttsttt
1303 4375 1365 4442 a
1385 4372 1608 4441 aare
1629 4372 1737 4438 aa
1759 4372 2031 4494 naason·

146 4498 406 4568 berreiacientes.
451 4501 630 4565 Seamdnm
647 4499 793 4572 ordinem
814 4497 1036 4581 Meottrater,
1058 4516 1125 4562 non
1297 4552 1301 4560 .
1612 4555 1620 4572 ,
1924 4496 1925 4499 ’
1968 4554 1976 4571 ‚
2121 4554 2129 4573 ,

146 4588 327 4654 secundum
350 4585 449 4651 Levi:
471 4585 504 4649 id
528 4596 591 4662 est,
624 4604 691 4649 non
724 4586 786 4648 erit
806 4583 992 4650 Leviticum
1012 4604 1125 4650 sacer·
1179 4554 1271 4660 Quo
1302 4568 1487 4666 ‘tempore
1525 4556 1668 4637 hablta
1704 4567 1766 4637 est
1804 4556 1906 4636 haec
1937 4555 2159 4671 dtspuistlo

106 4709 110 4717 ·
148 4674 271 4740 dotium
294 4671 515 4751 mactationis,
537 4672 597 4736 sed
619 4671 873 4750 benedictionis,
902 4674 936 4736 in
968 4691 1036 4756 quo
1068 4690 1126 4735 an·
1313 4677 1417 4761 inter
1448 4674 1654 4759 Christum
1686 4688 1729 4757 et
1758 4673 2023 4760 Pharisaeos?

147 4763 315 4825 nuntiatur
336 4754 564 4845 Evangelium,
587 4756 739 4823 remissio
762 4766 994 4841 peccatorum,
1030 4756 1125 4822 resti·

147 4852 229 4912 tutio
254 4847 406 4923 iustitiae,
430 4859 462 4910 et
485 4847 573 4910 vitoe
590 4856 753 4910 aeternae.
1265 4840 1456 4927 Disputatio
1477 4852 1531 4908 est
1559 4841 1624 4906 diei
1648 4835 1851 4918 Palmarum,
1887 4840 1920 4904 in
1948 4860 2014 4925 quo
2036 4835 2159 4905 multae

232 4937 306 4998 Nan
327 4937 439 5016 leemps
457 4934 499 4997 de
514 4932 661 5015 potentia
679 4941 714 4995 et
729 4927 924 4995 defensione
934 4925 1125 4994 Ecclesiae:
1179 4942 1213 4994 et
1234 4949 1375 5014 magnae
1399 4930 1630 4995 contentiones
1652 4922 1785 4991 fuerunt
1814 4926 1844 4990 ei
1867 4946 1941 4990 cum
1965 4924 2158 4990 Pharisaeis

146 5023 304 5086 Dominae
324 5041 345 5084 o
366 5022 492 5092 deutris
513 5027 585 5102 tots,
607 5019 641 5084 id
663 5029 727 5095 est,
751 5016 916 5081 Divinitas
935 5029 1045 5081 tecum
1064 5026 1129 5095 est,
1180 5028 1310 5082 etcum
1343 5016 1495 5081 caeteris.
1552 5016 1724 5081 Dterelben
1756 5016 1839 5094 drap
1871 5017 1943 5095 tupe
1975 5014 2059 5078 tract
2091 5017 2158 5077 etn-

147 5117 205 5173 tua
226 5107 390 5191 potentia,
418 5118 510 5172 tuum
532 5126 687 5192 regnum,
723 5113 776 5170 est
797 5122 937 5190 regnum
959 5103 1128 5189 potentiae
1180 5105 1287 5171 eadm
1304 5097 1437 5167 fuerunt
1459 5104 1488 5166 ei
1512 5101 1693 5167 certamina
1719 5099 1882 5164 acerrima
1909 5119 1993 5166 eum.
2005 5097 2160 5183 principi-

1794 641 1854 698 eo;
1877 619 2155 687 resistentEvau·
2259 674 2262 681 .
