4620 5588
310 1450 894 1607 POSTILLAE
969 1450 1986 1607 MELANTHONIONAE

814 1813 818 1819 ’
877 1750 1432 1915 APPENDIX

478 2131 502 2185 e
533 2101 694 2187 duobus
726 2098 947 2186 muethus
978 2099 1272 2213 manuscriptis·
1289 2098 1421 2186 secun
1452 2100 1569 2185 xvr.
1596 2101 1826 2253 depromo.

249 2422 299 2486 Ex
321 2422 563 2507 Prolegomenis‚
587 2445 665 2507 qnae
686 2422 758 2486 lmic
779 2421 931 2486 Postillae
947 2423 977 2484 iu
999 2414 1204 2506 praecedente
1224 2419 1391 2484 Volumine
1412 2420 1529 2486 XXIV.
1552 2443 1583 2506 p.
1605 2419 1677 2485 Xlll
1698 2442 1769 2505 sqq.
1792 2425 1926 2506 praelixa
1947 2432 2030 2498 eunt,
2062 2425 2169 2502 ducet,

85 2562 88 2578 .
138 2506 336 2575 Pezelium
356 2511 567 2575 collectionem
590 2533 679 2575 suam
701 2533 794 2595 supra
815 2530 957 2573 recusam
979 2508 1064 2571 initio
1082 2511 1131 2572 sic
1152 2511 1338 2583 instituisse,
1362 2517 1396 2572 ut
1417 2531 1456 2572 ex
1477 2508 1609 2590 singulis
1620 2509 1811 2593 Rhapsodiis
1824 2509 1953 2593 plurium
1970 2513 2169 2576 annorumab

141 2597 211 2681 ipso
231 2597 354 2661 collatis
373 2600 540 2680 insigniora
558 2606 736 2681 excerperet
757 2597 884 2661 ethaeo
906 2594 1086 2680 plemmque
1109 2598 1138 2659 in
1162 2615 1232 2660 enm
1255 2597 1401 2678 ordinem,
1421 2618 1482 2679 quo
1500 2596 1679 2659 Melantbon
1702 2618 1812 2680 magna
1833 2619 1872 2660 ex
1893 2606 1978 2682 parte
2002 2621 2080 2662 usus
2105 2608 2168 2674 est,

139 2683 311 2765 redigeret3
344 2692 455 2768 postea
476 2707 549 2749 vero
571 2686 630 2749 boc
652 2688 736 2772 prius
754 2686 943 2758 institutum,
974 2705 1035 2765 quo
1053 2682 1187 2765 plures
1209 2682 1408 2766 Rhapsodias
1431 2683 1572 2746 eiusdem
1594 2683 1655 2745 diei
1679 2684 1752 2747 testi
1774 2705 1844 2747 una
1861 2687 2007 2748 concione
2030 2686 2169 2769 comple·

141 2771 291 2843 atebatur,
315 2773 363 2834 sic
384 2781 533 2847 mutasse,
556 2781 591 2838 ut
613 2794 652 2836 ex
674 2766 733 2837 suo
756 2772 878 2836 cumulo
900 2769 1146 2854 Rbapsodimum
1169 2771 1208 2835 ad
1229 2769 1368 2853 singulas
1390 2770 1570 2834 Dominicae
1592 2770 1735 2854 aliosque
1765 2772 1834 2835 dies
1870 2773 1969 2837 lestos
1995 2792 2062 2835 eam
2095 2794 2170 2835 con·

141 2858 323 2932 ciunculam‚
342 2879 423 2941 quae
444 2859 563 2942 plenior
573 2862 641 2922 visa
652 2869 712 2935 est,
736 2862 884 2943 integram
906 2859 1154 2941 immutatumque
1175 2861 1260 2942 typis
1282 2859 1515 2922 describendam
1539 2867 1666 2931 curaret,
1679 2861 1770 2941 eique
1793 2861 1822 2921 in
1845 2861 2015 2944 appendice
2033 2880 2072 2921 ex
2094 2858 2168 2923 eliis

139 2941 333 3026 Rhapsodiis
355 2946 393 3007 ad
416 2946 547 3008 eundem
569 2947 651 3009 diem
673 2948 789 3012 festum
812 2947 1032 3028 pertinentibus
1055 2944 1145 3007 locos
1167 2946 1362 3027 insigniores,
1386 2947 1438 3026 qui
1461 2947 1490 3007 in
1512 2942 1567 3008 illa
1587 2967 1646 3006 non
1669 2944 1821 3027 leguntur,
1844 2947 1976 3008 seorsim
1998 2947 2170 3011 subiiceret

141 3030 228 3109 (vide
250 3031 272 3091 Ι.
295 3030 317 3096 l.
340 3052 371 3112 p.
393 3031 457 3101 XV
458 3030 638 3115 -XVlll.).
681 3033 843 3096 Eiusmodi
867 3032 1019 3114 appendix
1041 3031 1202 3114 inscripta:
1225 3031 1391 3114 Barcen-poto
1412 3051 1454 3094 ex
1475 3030 1673 3113 Rbaprodiie
1695 3032 1832 3095 nle'orean
1853 3053 2014 3112 annorum,
2035 3033 2168 3115 primum

141 3117 293 3179 invenitur
326 3119 355 3179 in
389 3120 449 3181 fine
477 3121 635 3182 concionis
657 3119 820 3183 Dominica
840 3119 972 3182 Laetare
994 3116 1128 3190 bnbitae,
1151 3139 1220 3201 pag.
1244 3121 1314 3182 212.
1333 3116 1434 3181 Partis
1457 3116 1493 3180 ll.
1519 3116 1703 3181 Pezelianae
1726 3120 1870 3182 editionis
1893 3129 1977 3202 (pag.
2003 3124 2076 3184 530.
2099 3119 2165 3182 Vo-

139 3202 265 3269 lnminis
283 3203 400 3268 xxiv.
423 3212 545 3268 nostrae
567 3205 649 3286 Ed).
695 3205 746 3269 Ex
777 3207 836 3270 bac
868 3206 1064 3289 inscriptione
1097 3203 1151 3268 illo
1185 3204 1255 3268 loco
1288 3207 1416 3288 primum
1449 3207 1540 3278 obvia
1572 3204 1717 3288 colligere
1751 3205 1842 3279 licet,
1867 3204 2024 3268 Perelium
2048 3208 2077 3269 in
2101 3213 2167 3268 tota

139 3292 237 3374 prima
259 3289 350 3354 Parte
373 3312 450 3354 suae
474 3293 666 3356 collectionis
690 3302 722 3359 et
739 3295 769 3356 in
792 3293 940 3377 principio
962 3290 1119 3355 secundae
1140 3290 1242 3358 Partis
1267 3294 1396 3374 priorem
1418 3293 1542 3355 modum
1572 3302 1708 3357 secutum
1743 3314 1840 3373 esse,
1875 3315 2007 3376 eumque
2040 3293 2166 3355 demum

141 3375 214 3439 inde
236 3379 275 3441 ab
297 3379 356 3441 bac
373 3381 520 3442 concione
542 3379 723 3444 Dominicae
745 3381 876 3444 Laetare
897 3385 1046 3450 mutasse.
1068 3378 1256 3462 altemmqne
1279 3399 1354 3442 esse
1376 3384 1581 3462 prosecutum.

250 3463 309 3526 Hic
331 3465 409 3528 alter
429 3471 539 3528 modus
561 3469 652 3549 priori
673 3488 742 3530 eam
765 3467 805 3530 ob
827 3487 952 3530 oausam
970 3467 1187 3549 praeferendus
1209 3473 1269 3543 est,
1305 3467 1402 3548 qdod,
1436 3486 1515 3548 quae
1536 3464 1714 3529 Melantbon
1749 3468 1778 3527 in
1808 3464 1872 3528 illis
1904 3465 2167 3547 praelectionibus

140 3569 204 3613 uno
226 3557 363 3632 ternpore
384 3552 570 3616 familiariter
592 3560 624 3616 et
642 3554 776 3618 dictione
799 3560 1034 3637 extemporanea
1052 3552 1207 3628 disseruit,
1230 3574 1291 3616 una
1313 3554 1404 3615 etiarn
1427 3552 1626 3615 conciuncula
1656 3553 1764 3615 eodem
1796 3573 1924 3634 prorsus
1953 3553 2067 3631 modo,
2102 3573 2167 3633 quo

140 3637 181 3700 alr
200 3634 253 3699 illo
276 3636 381 3700 habita
402 3646 462 3713 eet,
486 3640 675 3715 exhibentur,
698 3661 771 3723 ergo
793 3643 936 3704 maiorem
958 3639 1072 3703 babent
1094 3640 1194 3704 tidem.
1241 3640 1433 3722 Quapropter
1454 3639 1523 3700 sine
1545 3637 1638 3702 dubio
1660 3638 1800 3722 permulti
1822 3639 1955 3703 lectores
1974 3645 2096 3724 optent,
2130 3647 2169 3701 ut

140 3718 289 3785 Perelius
313 3723 395 3786 bunc
415 3726 538 3788 modurn
562 3729 591 3788 in
614 3733 678 3790 toto
700 3747 794 3810 opere
815 3733 1000 3810 prosecutus
1024 3733 1120 3804 esset.
1163 3725 1252 3789 llanc
1275 3727 1400 3789 obrem
1423 3724 1474 3787 bis
1497 3744 1594 3787 suave
1617 3725 1749 3789 iubarum
1772 3746 1848 3788 esse
1881 3746 1988 3808 spero,
2017 3724 2099 3807 quod
2132 3725 2167 3787 iu

141 3808 407 3891 subsequentibus
430 3811 563 3895 plagulis
591 3834 637 3876 ex
665 3813 820 3877 duobus
849 3811 1069 3876 (lodicibus
1099 3812 1208 3876 MSS.
1231 3815 1261 3875 in
1282 3811 1355 3876 vol
1378 3809 1499 3877 XXlV.
1521 3832 1552 3896 p.
1575 3810 1652 3876 xlx
1674 3832 1742 3894 sqq.
1765 3812 1928 3894 descriptis
1951 3809 2022 3874 illas
2044 3812 2167 3873 concio·

140 3913 201 3959 nes
220 3876 352 3977 integras
374 3918 521 3982 propono,
544 3920 622 3981 quas
643 3899 823 3965 Melanthea
841 3901 912 3963 inde
930 3920 949 3961 a
969 3898 1132 3962 [lominica
1152 3896 1176 3964 l.
1199 3899 1361 3964 Adventus
1384 3920 1485 3980 nsque
1506 3899 1546 3960 ad
1567 3898 1758 3962 Dominicam
1782 3898 1874 3961 Oculi
1903 3899 1990 3961 annis
2026 3902 2109 3961 1550
2131 3905 2167 3960 et

143 3984 237 4046 1551.
261 3983 376 4048 babuit.
420 3986 487 4050 llas
511 3989 590 4049 enirn
613 3985 759 4051 Pezelius
783 3990 813 4051 in
835 4007 894 4049 suo
912 3986 1094 4049 collectione
1117 4007 1177 4050 non
1200 3988 1334 4069 integras
1356 3986 1477 4063 attulit,
1510 3984 1569 4047 sed
1602 3987 1665 4060 ita,
1698 3993 1732 4050 nt
1760 4007 1798 4048 ex
1819 3984 2011 4068 Rbapsodiis
2032 3983 2165 4066 plurium

141 4085 289 4132 annorum
311 4093 401 4135 unam
424 4074 602 4138 concionem
624 4074 793 4148 adornaret,
816 4095 935 4155 easque
957 4076 1003 4135 sic
1026 4075 1115 4155 qnasi
1137 4076 1167 4136 in
1189 4095 1282 4137 unum
1305 4094 1416 4156 corpus
1437 4073 1599 4154 redigeret.
1643 4071 1751 4134 Hasce
1774 4079 1877 4135 autem
1899 4072 2064 4134 conciones
2087 4071 2118 4132 b.
2139 4069 2167 4133 l.

141 4155 277 4219 eodem
299 4156 431 4222 ordine
450 4159 593 4234 exhibeo,
616 4181 676 4245 quo
695 4182 790 4246 supra
811 4162 841 4223 in
864 4158 936 4224 Vol.
958 4158 1074 4225 xxiv.
1098 4182 1138 4223 ex
1154 4159 1272 4224 Perelii
1296 4159 1479 4223 collectione
1505 4179 1636 4221 recusae
1658 4167 1751 4232 eunt,
1784 4166 1819 4222 ut
1839 4159 1937 4222 lector
1959 4157 2081 4223 facilius
2104 4156 2165 4218 bas

140 4240 277 4324 integras
301 4265 368 4309 cum
390 4245 455 4309 illis
477 4267 495 4309 a
516 4245 643 4310 Perelio
666 4247 758 4313 editis
780 4247 918 4311 conterre
939 4248 1049 4329 possit.
1135 4242 1138 4250 ’
1712 4254 1716 4260 “

332 4552 605 4622 ’ΒΟΜΙΝΙΟΑ
626 4553 887 4623 novamus,
930 4603 935 4611 .
1152 4507 1732 4686 {torrentioremteosseiqem
1774 4550 2165 4639 ttttoiotbieliools·

321 4672 637 4762 Evangolqum
680 4674 844 4744 Mopth·
889 4677 953 4744 21·
1181 4640 1232 4709 sib
1255 4644 1443 4726 metetur
1465 4645 1569 4725 osta,
1592 4638 1752 4727 populum
1773 4639 1876 4727 legis,
1905 4653 1938 4707 et
1965 4642 2084 4707 deinde
2106 4661 2164 4707 ve-

251 4836 254 4841 ·
378 4778 483 4861 (m.
496 4778 752 4866 vaano...
767 4781 784 4847 1
798 4786 889 4869 sir>
1086 4826 1091 4833 -
1179 4724 2050 4895 iti.illitis,&tibilitti‘ssillli
2071 4727 2165 4790 “i“

230 4896 440 4981 Hr‘eraeolem,
462 4888 496 4965 id
521 4912 596 4982 est,
629 4898 760 4968 Domus
782 4903 887 4986 pacis.
931 4900 1127 4984 Betbpbnpe,
1211 4886 1222 4903 ⁶
1266 4903 1369 4964 Arina
1389 4902 1512 4964 donrito
1534 4897 1702 4987 significat
1731 4914 1863 4986 gentem
1884 4901 2068 4979 iudaicam,
2098 4900 2162 4962 dor

140 4983 177 5052 ld
199 4996 266 5064 est,
282 4982 413 5052 Domus
431 4994 642 5073 grossorum:
663 4987 741 5056 litet
763 4989 1008 5075 {trigeminum
1032 4998 1129 5075 trogi
1179 4986 1286 5061 ovet,
1316 4989 1376 5049 doe
1400 4992 1451 5050 εἰη
1480 4990 1581 5068 wentp
1605 5005 1740 5068 pompeo
1767 4990 1826 5068 ist,
1855 4988 1921 5050 aad
1941 4990 1985 5049 iot
2008 4985 2092 5050 doctr
2109 4989 2162 5048 ein

52 5092 56 5099 ·
116 5071 1127 5164 ,tmrtetteitrurbt,ctltttdrgrossosmnreitiqebrigen,
1152 5088 1156 5124 ¹
1179 5072 1253 5139 uel.
1297 5073 1408 5138 Altero
1429 5077 1530 5138 Asino
1546 5073 1701 5136 indomito
1734 5086 1787 5139 est
1820 5071 1962 5161 popolus
1993 5071 2161 5140 ethnicus.
