4620 5588
164 208 227 274 57⁷
715 274 720 283 ,
791 264 796 273 ,
850 203 1071 274 PDS'l'lLer
1089 202 1525 275 moruorum}
1839 239 1842 245 ·
2113 207 2183 279 ΜΒ

164 398 261 476 dum,
282 397 380 461 sedet
413 391 531 477 dolens
563 407 599 462 et
633 394 884 481 gemebundus:
919 393 1065 461 Occisus
1087 389 1144 471 illa
1194 393 1329 480 pediuut
1351 392 1463 480 augeli
1491 396 1525 459 iu
1553 391 1686 480 politiis.
1733 394 1786 461 De
1816 394 1883 463 bac
1916 394 2073 464 antithesi
2105 395 2179 467 dili·

163 486 325 568 reperitur
351 483 385 546 iu
408 481 517 569 sylva.
564 478 749 547 Constabat
766 478 856 549 hunc
876 477 1018 547 alterum
1037 479 1144 547 fuisse
1195 491 1313 566 genter
1332 481 1495 566 cogitate:
1529 493 1563 546 et
1589 482 1669 566 quia
1697 480 1793 548 Deus
1820 483 1919 547 nobis
1941 481 2028 549 tales
2051 485 2179 553 addidit

164 572 196 636 ei
217 567 476 636 mou’stratorem
498 571 590 644 riae;
612 567 850 652 praebenditur
870 586 966 654 ergo,
988 579 1022 633 et
1044 568 1144 632 iuter·
1196 567 1366 639 custodes,
1384 587 1610 654 agnoscamus
1627 567 1693 632 boc
1710 566 1919 650 beneficium,
1937 590 2078 658 agamus
2101 591 2177 656 gra·

163 669 303 744 rogatur
325 655 508 735 (1000οᾶος
530 648 1143 733 statimlatetur,aseiuterfectum,
1195 653 1260 717 ties
1287 650 1387 732 Deo,
1421 663 1455 717 et
1488 666 1662 738 petamus,
1694 664 1731 720 ut
1757 652 1945 720 nobishoc
1968 655 2178 738 beneficium,

164 755 198 810 et
220 764 259 807 se
282 743 354 806 iure
374 741 493 826 puniri.
538 738 711 826 Sumptum
733 751 786 806 ast
807 741 851 807 de
873 759 915 824 eo
931 737 1162 824 supplicium,
1195 749 1367 824 praestet,
1396 760 1551 818 oremus,
1589 753 1626 806 ut
1658 738 1761 805 Filius
1798 740 1861 807 Dei
1889 739 2036 826 depellat
2069 764 2090 807 a
2118 763 2179 809 no·

165 843 200 895 et
220 829 284 895 luit
305 825 532 913 placidissime
550 841 710 892 mortuus.
855 866 859 875 ι
1195 826 1248 890 bis
1270 827 1407 910 spiritus
1431 823 1655 913 blasphemos,
1687 829 1880 906 mendaces,
1915 841 1949 893 et
1981 829 2178 912 homicidas,

251 915 384 998 Lipsiae
405 924 482 980 ante
504 934 613 979 anuos
637 912 676 978 lu
698 923 864 998 sumptum
881 925 934 977 est
945 909 1143 996 supplicium
1194 911 1347 981 inimicos
1369 921 1404 976 et
1423 912 1543 978 hostes
1565 934 1660 979 suos,
1705 913 1756 980 Sit
1786 914 1912 979 ardens
1934 915 2106 999 precatio,
2141 928 2178 983 ut

165 1005 208 1068 de
228 998 369 1082 latrone,
390 996 447 1087 qui
472 998 545 1065 fere
572 1009 676 1065 tutam
707 997 865 1065 familiam
887 999 920 1064 in
948 1000 1143 1063 suburbano
1194 1010 1333 1082 propter
1354 1018 1449 1062 suam
1479 996 1621 1084 gloriam
1643 998 1791 1084 depellat
1824 1021 1906 1067 suos
1935 1003 2051 1071 hostes
2073 1025 2095 1068 u
2116 1022 2178 1068 no·

166 1090 345 1156 occiderat.
389 1087 423 1151 br
445 1085 532 1151 sedit
553 1105 614 1172 per
637 1096 704 1150 tres
726 1086 799 1151 dies
817 1086 891 1151 sine
914 1085 991 1151 cibo
1015 1093 1143 1169 etpctu
1195 1084 1259 1163 bis,
1281 1102 1325 1149 ne
1344 1084 1477 1168 possint
1498 1082 1633 1170 gloriari
1656 1088 1820 1152 adversus
1843 1085 1963 1153 Filium
1982 1085 2058 1153 Dei.
2102 1087 2176 1154 Nos

165 1178 200 1240 in
219 1172 358 1240 latebris
380 1173 444 1238 sub
467 1170 583 1252 scalis,
603 1169 794 1238 deliberans
806 1192 934 1250 secum,
958 1181 1143 1253 etcaptane
1195 1190 1263 1236 nou
1285 1190 1467 1255 possumus
1490 1190 1568 1237 esse
1590 1174 1673 1237 satis
1691 1169 1866 1259 vigilantes
1888 1186 1922 1239 et
1944 1176 2070 1240 intenti.
2093 1175 2177 1241 Ore-

165 1261 377 1327 0000010οοοι
400 1256 551 1324 sceleris.
567 1332 570 1337 Δ
588 1258 724 1322 Audiuit
746 1258 887 1323 subinde
911 1276 1028 1323 vocem
1052 1254 1144 1320 clare
1166 1254 1171 1371 Ι
1195 1275 1269 1321 mus
1285 1278 1350 1322 nos
1373 1259 1445 1344 regi
1467 1277 1527 1340 per
1548 1257 1707 1344 Spiritum
1727 1270 1880 1325 sanctum
1902 1271 1937 1325 et
1959 1257 2092 1326 defendi
2115 1280 2177 1346 per

163 1355 408 1412 susurrantem
433 1347 559 1422 Facias,
578 1345 693 1422 facins.
739 1343 832 1409 Haec
853 1365 920 1409 vox
942 1363 1061 1409 revera
1082 1341 1143 1407 luit
1173 1340 1334 1408 ’0000100
1356 1341 1513 1430 angelos,
1536 1355 1570 1411 ut
1586 1357 1766 1412 arceantur
1784 1347 2014 1430 accrporibus
2036 1348 2176 1428 nostris,

161 1430 307 1499 Diaboli.
352 1431 459 1505 Quam
482 1450 586 1517 saepe
604 1431 638 1494 iu
661 1430 824 1500 conviviis
847 1432 1050 1496 conveniunt
1073 1429 1143 1493 noti
1194 1428 1260 1492 imo
1281 1448 1303 1493 a
1325 1431 1483 1495 cordibus
1505 1433 1642 1497 nostris.
1689 1430 1780 1498 Haec
1802 1433 1949 1518 quotidie
1965 1437 2121 1518 cogitate,
2140 1445 2176 1499 et

163 1532 197 1586 et
225 1519 341 1597 amici,
376 1530 410 1582 et
439 1519 543 1583 oritur
574 1517 647 1581 rixa
672 1516 872 1602 gravissima
895 1517 982 1582 inter
1016 1536 1078 1580 eos
1100 1534 1143 1579 er
1194 1512 1322 1601 infigite
1345 1517 1461 1581 animis
1480 1513 1546 1581 lroc
1569 1518 1693 1584 dictum
1715 1515 1859 1584 Christi:
1882 1519 1998 1600 :lupelt
2018 1540 2122 1583 eorum
2131 1522 2175 1583 at-
2219 1558 2222 1570 -

161 1603 255 1671 nulla
266 1603 413 1672 caussa?
432 1600 598 1669 Diabolus
608 1603 738 1688 quaerit
748 1602 947 1669 occasiones
959 1601 1144 1688 perdendo·
1195 1599 1271 1663 dent
1288 1602 1406 1680 faciem
1416 1603 1529 1683 petris
1550 1606 1620 1676 net,
1643 1608 1699 1687 pan·
1719 1612 1769 1668 est
1790 1608 1824 1667 r‘n
1846 1604 1952 1672 cneus.
1996 1605 2038 1670 Et
2060 1609 2175 1671 obser·

162 1712 235 1758 rum
256 1692 426 1757 hominnm
448 1686 654 1755 mirabiliter.
698 1687 809 1774 Saepe
831 1688 930 1753 etlam
946 1700 1038 1753 totas
1063 1707 1143 1772 gen·
1194 1699 1273 1751 rate
1311 1688 1411 1754 etiam
1450 1691 1637 1773 oppositum
1680 1692 1812 1757 dictum.
1868 1691 2008 1754 Satorum
2044 1695 2176 1755 incoant

162 1789 215 1843 tes
237 1779 361 1861 perdit;
375 1791 507 1854 ut‚cum
529 1776 650 1842 excitat
672 1772 762 1840 bella
783 1775 1084 1861 perdisseusioues
1101 1792 1143 1837 ac
1166 1767 1169 1778 '
1194 1775 1228 1833 in
1251 1793 1326 1836 eum.

163 1865 349 1930 iuimicitias
370 1862 570 1946 Principum.
1165 1849 1170 1981 i
1287 1856 1489 1925 Mementote
1520 1858 1662 1946 singulis
1698 1862 1878 1928 attributos
1912 1882 1990 1929 esse
2021 1861 2187 1950 angelos,

251 1948 335 2016 Cum
359 1951 458 2035 igitur
479 1945 567 2013 tales
588 1951 655 2012 sint
669 1943 820 2012 Diabolis
839 1947 1026 2033 cogitemus
1041 1965 1143 2031 ange·
1166 1988 1169 2041 3
1195 1947 1356 2010 custodes
1379 1947 1479 2026 ritae,
1502 1959 1535 2012 et
1557 1967 1745 2032 corporum.
1791 1948 1884 2015 Sicut
1907 1947 2059 2035 exempla
2073 1947 2175 2016 nrulta

163 2034 216 2101 los
240 2040 347 2102 bonos
372 2055 449 2100 esse
472 2035 610 2118 primurn
634 2052 785 2115 verucae,
807 2033 854 2098 lta
874 2046 911 2098 ut
934 2032 997 2117 ipsi
1026 2044 1144 2096 contra
1166 2046 1169 2079 ¹
1195 2031 1343 2097 bebetis:
1377 2045 1431 2111 ut,
1466 2055 1541 2099 cum
1573 2033 1668 2119 Agar
1700 2035 1811 2099 abiicit
1843 2032 1957 2114 filium,
1979 2048 2176 2120 consumpta

136 2127 258 2188 ‘recte
278 2131 476 2208 agnoscant,
499 2127 532 2186 'et
554 2119 667 2185 colant
690 2117 816 2199 Deuni,
843 2132 877 2185 et
899 2134 935 2183 ut
956 2122 1022 2183 sint
1043 2118 1142 2182 etlam
1195 2120 1284 2183 ornni
1305 2139 1403 2204 aqua,
1428 2131 1461 2182 et
1482 2117 1683 2186 lamentatur
1706 2122 1869 2186 interitum
1893 2120 1967 2196 lilil3
1996 2125 2086 2188 venit
2115 2144 2175 2187 an·

164 2212 320 2275 veretatis
342 2209 493 2273 ministri.
537 2206 668 2272 Deinde
690 2221 725 2271 ut
749 2207 815 2271 sint
838 2203 996 2284 benefici,
1018 2218 1052 2269 et
1073 2223 1143 2267 ser·
1195 2201 1305 2291 gelus,
1328 2219 1361 2269 et
1384 2206 1531 2271 ostendit
1552 2206 1582 2271 ei
1604 2205 1728 2272 lentem
1757 2220 1790 2271 et
1817 2229 1954 2356 apuam:
1984 2209 2030 2273 ita
2060 2229 2174 2274 serva·

162 2298 254 2361 riant
285 2292 355 2359 lilio
382 2293 446 2359 Dei
473 2296 509 2358 in
542 2295 696 2360 custodia
730 2313 907 2376 corporum
941 2303 1143 2357 nostrorum.
1194 2301 1249 2356 tur
1270 2293 1343 2374 ipsa
1365 2313 1440 2356 cum
1464 2291 1546 2357 lilio.
1588 2291 1749 2378 Exempla
1771 2295 1890 2358 simlia
1917 2295 1951 2358 in
1981 2294 2175 2380 quotidiana

161 2382 249 2446 Dico
287 2382 381 2464 ipsus
420 2400 498 2446 esse
529 2400 677 2455 canem
710 2380 788 2464 quia
819 2391 913 2444 recte
945 2388 1144 2461 agnoscunt,
1195 2379 1399 2462 experientia
1427 2379 1601 2444 observari
1657 2392 1786 2445 essunt.
1830 2378 1992 2466 Cygneae
2022 2379 2081 2446 suit
2104 2382 2174 2466 qui-

161 2478 388 2544 venerantur,
415 2479 525 2530 eruant
562 2464 683 2531 Deum.
748 2464 791 2529 Et
824 2466 901 2549 quia
933 2475 1143 2548 promovent,
1195 2464 1270 2527 dam
1293 2484 1385 2548 puer,
1404 2485 1502 2550 quem
1525 2477 1610 2529 mate
1643 2463 1770 2530 arrrilias
1802 2467 1897 2531 iussit
1925 2466 2094 2531 adducere
2118 2470 2173 2532 bo-

162 2567 296 2621 tueutru
317 2546 502 2630 Ecclesiae,
533 2553 717 2639 inquibus
750 2563 848 2616 sonat
881 2570 949 2615 vox
983 2549 1144 2626 veritatis,
1195 2568 1256 2614 ves
1278 2560 1457 2635 pascemus
1479 2554 1512 2617 in
1532 2552 1648 2619 additu
1661 2550 1786 2618 silvae:
1808 2553 1897 2619 Puer
1918 2557 2016 2619 abest
2036 2555 2174 2630 diutius,

163 2637 333 2725 depellunt
365 2635 529 2704 Diabolus
562 2635 710 2702 ferentes
743 2635 848 2702 falsas
882 2637 1078 2721 opiniones,
1111 2645 1144 2698 et
1195 2636 1272 2721 qnia
1293 2641 1472 2704 antevertit
1490 2660 1567 2705 eum
1599 2640 1656 2704 nix
1681 2660 1818 2725 aragus,
1875 2659 1917 2704 ua
1951 2641 2062 2706 subito
2085 2662 2175 2709 com·

162 2727 247 2793 alias
281 2723 699 2810 impietatesz·tmpediunt
731 2723 957 2801 haereticos,
973 2733 1008 2786 et
1039 2716 1143 2785 idolo·
1194 2720 1307 2805 pletas
1335 2720 1469 2814 suerunt
1501 2722 1618 2791 lauces
1640 2727 1807 2791 montium.
1836 2660 2053 2812 >luponem
2073 2729 2173 2793 etiarn

162 2811 288 2878 latras:
318 2813 406 2878 sicut
432 2811 675 2897 impediverunt
693 2807 901 2888 idolatriam,
922 2809 1056 2894 quando
1079 2808 1143 2879 eri·
1194 2828 1273 2872 nox.
1318 2807 1481 2877 Parentes
1503 2808 1640 2878 solliciti
1662 2812 1704 2878 da
1724 2809 1844 2894 filiolo,
1865 2823 1900 2877 et
1921 2813 1965 2878 de
1981 2813 2174 2898 bobus,po·

161 2909 306 2986 puerunt
327 2894 481 2964 Diabolis
510 2917 635 2983 eorpus
656 2893 775 2961 bloise.
810 2896 941 2960 Deinde
963 2895 1143 2960 adversan-
1193 2895 1309 2959 stridie
1327 2914 1395 2960 non
1418 2909 1561 2982 possunt
1573 2900 1686 2984 egredi
1697 2903 1833 2984 propter
1844 2901 1964 2964 nivem.
1997 2899 2174 2967 'l’ertiodie

162 2996 216 3051 tur
237 2985 422 3050 homicidiis
444 2981 630 3060 sathanam
651 2984 844 3049 custodiunt
861 2980 1051 3066 corporain
1064 2998 1142 3047 aco·
1192 2978 1318 3046 iaciunt
1338 2982 1426 3048 viam
1443 3002 1505 3069 per
1515 2985 1636 3067 nivem,
1646 2987 1817 3051 inveniunt
1837 3006 1977 3072 puerum
1999 2986 2172 3053 sedentem
2235 2974 2241 2995 ¹

162 3072 287 3149 nomia,
309 3072 343 3136 in
364 3067 532 3151 Ecclesia,
553 3081 589 3137 et
605 3067 758 3136 Politice.
1192 3068 1226 3132 in
1247 3064 1327 3134 loeo
1348 3071 1477 3154 aprico,
1509 3071 1683 3151 ridentem,
1713 3083 1747 3138 et
1768 3074 1986 3160 excipientem
2009 3094 2068 3140 eos
2090 3071 2173 3140 bila·

247 3156 284 3223 ln
306 3158 511 3223 Oeconomia
528 3171 684 3242 parentes
701 3174 818 3223 onrues
833 3154 900 3220 hoc
917 3154 1140 3240 experiuntur.
1192 3156 1281 3220 riter·
1326 3151 1397 3223 illis
1419 3159 1668 3243 quaerentibus
1689 3180 1752 3227 cur
1772 3179 1842 3225 non
1862 3161 2007 3226 redisset
2029 3161 2204 3241 domum,-

160 3245 289 3312 Matres
311 3266 379 3309 nou
400 3256 539 3329 possent
558 3242 676 3309 lovere
692 3254 725 3309 et
741 3260 880 3310 serrare
895 3261 958 3307 sua
969 3241 1142 3327 diligentie
1192 3241 1365 3327 respondit
1385 3264 1480 3327 puer,
1500 3244 1544 3309 Se
1563 3244 1615 3305 bic
1636 3253 1809 3326 expraetore
1826 3252 2031 3329 vespertinum
2042 3255 2171 3329 tempus,

161 3329 301 3410 liberos,
323 3331 386 3394 uisi
407 3328 642 3397 auxiliantibus
663 3327 805 3415 augelis.
848 3325 950 3393 Nulla
972 3324 1143 3413 diligentia
1192 3335 1224 3390 et
1241 3334 1357 3408 postea
1379 3330 1576 3393 reductorem
1598 3352 1665 3393 esre
1686 3333 1785 3396 boam.
1820 3331 1904 3399 Cum
1916 3335 2173 3421 interrogarent,

161 3417 308 3481 bumana
337 3412 510 3483 sufficeret
539 3417 582 3482 ad
616 3416 906 3481 conservationem
931 3425 1085 3480 natomm
1105 3422 1142 3478 et
1192 3415 1271 3501 quid
1305 3417 1528 3496 comedisset,
1558 3418 1748 3503 respondite
1784 3419 1916 3506 quidam
1949 3422 2003 3485 vir
2025 3420 2174 3485 exhibuit·

161 3499 381 3581 familiarum,
413 3504 487 3568 sine
520 3502 669 3568 excubiis
697 3500 908 3588 angelorum:
941 3500 999 3585 qui
1039 3499 1141 3565 etiam
1191 3499 1271 3567 mibi
1291 3521 1421 3586 punem.
1466 3501 1565 3569 llaud
1586 3505 1689 3571 dubie
1709 3507 1774 3571 iste
1803 3507 1856 3572 vir
1877 3502 1939 3571 luit
1966 3503 2120 3593 angelus,
2151 3529 2173 3573 a

162 3600 242 3654 sunt
276 3587 436 3654 custodes
463 3586 738 3654 domuncularum
772 3597 979 3672 nostrarum,
1014 3581 1140 3651 culina·
1191 3606 1259 3672 qno
1281 3599 1436 3655 servatus
1458 3599 1520 3655 est.
1554 3588 1650 3656 llaec
1670 3611 1740 3656 non
1762 3604 1839 3659 sunt
1862 3588 2171 3666 umtosaetiunt

157 3697 246 3754 Arum,
268 3671 474 3748 cellularum,
497 3675 712 3754 caminorum,
723 3672 946 3760 lychnorum
968 3672 1057 3758 quud
1075 3670 1140 3736 nisi
1190 3671 1268 3738 talia
1299 3676 1445 3758 quotidie
1477 3676 1510 3741 in
1544 3679 1622 3743 vita.
1677 3675 1785 3745 Multa
1817 3679 1914 3744 edam
1945 3692 2023 3746 sunt
2043 3680 2172 3765 scriptu

160 3763 273 3835 lieret,
301 3763 412 3827 subito
445 3762 556 3827 omnia
588 3770 754 3827 everteret
785 3755 968 3839 Diabolus,
996 3761 1053 3845 qui
1085 3758 1139 3822 do·
1163 3723 1169 3823 l
1190 3761 1222 3824 in
1245 3757 1339 3825 libris
1362 3759 1587 3847 Propbetiuis:
1609 3775 1646 3830 ut
1667 3763 1720 3830 luis
1739 3763 1899 3850 exemplis
1913 3763 2170 3834 commonefacti

160 3849 305 3914 lectatur
326 3847 577 3914 calamitatibus
594 3847 728 3934 generis
752 3845 897 3924 humani,
929 3857 963 3913 et
995 3845 1141 3929 pernicie
1162 3867 1168 3925 ι
1191 3858 1224 3911 et
1246 3845 1443 3926 confirmati,
1466 3859 1652 3917 statuamus
1675 3872 1755 3919 vere
1777 3871 1842 3916 nos
1863 3872 1884 3917 a
1906 3852 1982 3917 Deo
2000 3849 2111 3940 diligi,
2137 3863 2172 3919 et

161 3947 289 4001 nostra.
1163 3934 1351 4015 ,custodiri
1376 3946 1490 4000 nostru
1513 3957 1675 4021 corpora,
1709 3953 1742 4004 et
1773 3941 1874 4004 vitam
1898 3940 2054 4006 divinitus
2077 3941 2171 4006 mini·

160 4034 163 4039 “
249 4021 284 4086 ln
306 4019 463 4087 Ecclesia
485 4021 584 4085 etiam
604 4032 684 4086 sard
703 4019 879 4098 wstodee,
907 4038 952 4084 ne
974 4013 1139 4081 Diabolus·
1180 4021 1293 4087 ¹sterio
1317 4018 1503 4107 anglorum.
1550 4022 1625 4088 Sint
1647 4039 1756 4090 autem
1787 4036 1820 4089 et
1848 4046 1959 4096 mores
1989 4028 2094 4091 nostri
2123 4039 2172 4092 ta·

161 4109 303 4173 subinde
324 4111 435 4173 turbet
457 4105 660 4173 Ecclesiam:
681 4109 773 4186 item,
794 4104 976 4170 delendum
989 4104 1067 4188 pios
1081 4103 1139 4167 du·
1190 4104 1253 4186 les,
1275 4119 1312 4172 ut
1329 4109 1459 4190 possint
1482 4109 1654 4176 nobiscum
1677 4112 1806 4177 versari
1827 4108 1945 4198 angeli.

162 4206 292 4260 stores:
322 4207 359 4259 ut
379 4193 533 4260 Elisaeus
556 4195 600 4258 ab
621 4191 752 4279 angelis
780 4189 982 4257 defenditur:
1016 4185 1139 4255 Daniel
1348 4206 1358 4229 ·

160 4293 318 4346 servatur
349 4282 435 4344 inter
463 4279 593 4346 leones.
638 4278 745 4344 Etiam
776 4275 862 4343 alias
890 4297 1001 4362 saepe
1020 4273 1138 4340 teones

161 4364 272 4432 multis
295 4368 495 4453 martyribus
517 4377 738 4452 pepercerunt
759 4366 793 4430 in
808 4366 915 4431 circa
960 4360 1139 4427 Attaluset

159 4451 337 4531 Blendium
359 4474 435 4517 carm
458 4465 572 4517 essert
582 4453 703 4517 obiecti
714 4449 880 4530 leonibus,
901 4449 1139 4516 ckonmierunt
1191 4440 1409 4542 Quomodo
1436 4442 1658 4526 invitantur
1689 4443 1785 4529 boni
1816 4445 1961 4557 angeli,
1992 4459 2038 4530 et
2068 4476 2173 4557 quo.

161 4536 278 4602 leones
299 4535 485 4603 lambentes
504 4558 623 4603 eorum
644 4539 804 4617 membre,
825 4550 860 4604 ct
882 4538 956 4605 eol
1000 4536 1139 4620 nsigni-
1895 4601 1904 4618 ,

160 4625 301 4689 licentes
348 4626 419 4691 ussi
441 4620 709 4690 beneuolemiam
765 4624 918 4689 nedem.
957 4556 998 4688 ll
1024 4622 1137 4688 mattis
1427 4595 1552 4680 1Ποἆο
1582 4598 1786 4710 pelluntur
1808 4601 1931 4685 mall?

160 4707 233 4775 abis
255 4644 390 4783 scaldim
412 4708 581 4798 aliquotiis
603 4710 658 4773 dtr
719 4713 726 4729 '
818 4708 904 4772 ulier
925 4708 1024 4773 boden
1043 4707 1138 4772 theon

158 4796 264 4858 molta
283 4797 394 4859 cotors
416 4797 500 4860 trun
546 4796 600 4862 Aa
620 4807 806 4863 memus·
826 4798 921 4865 m‘msi
940 4807 1023 4862 snut
1044 4793 1138 4862 lieto-
1278 4795 1350 4862 lloc
1382 4795 1514 4864 bebetis
1538 4798 1570 4864 in
1593 4792 1651 4863 rllo
1674 4799 1782 4866 dictos
1810 4801 1883 4863 Hoc
1911 4822 2010 4883 pertus
2038 4802 2171 4867 Daemo-

160 4902 227 4961 res,
245 4884 301 5033 §pi
326 4882 555 5036 lnteplfilfffifnl
573 4897 739 5036 rtrpsrpitypffi
759 4880 863 5034 111005.ο
941 4970 962 5034 b
1047 4981 1059 5031 t
1188 4886 1310 5034 οξοζιιιιι
1330 4902 1393 4986 pon
1410 4886 1551 5037 ter‘icitppp³
1560 4889 1625 4947 m'si
1644 4888 1771 5041 iptl’pnin,
1794 4892 2002 5039 alienatione.
2035 4887 2170 4994 Diaboli

158 5075 220 5142 per
241 4991 393 5142 angellis,
415 4991 525 5122 denec
545 4990 723 5124 elrsnllllus
741 4992 816 5122 rrult
830 4985 1138 5122 neltssgoinerlllllrrlrrelll
1189 4989 1366 5123 ludelmullo
1381 4991 1506 5130 Derlrlrl
1535 4976 2171 5143 eleplelimrlllullestllnsllrllellrlmlllellgl

157 5139 264 5208 blulta
283 5143 385 5208 etiem
407 5155 441 5208 et
454 5164 580 5230 mgna
600 5140 766 5229 pericula,
794 5156 828 5208 et
848 5143 1058 5209 turbationes
1080 5141 1138 5209 im·
1189 5153 1298 5225 autem
1321 5163 1398 5209 cum
1419 5143 1632 5212 invocatione
1653 5149 1832 5214 coniuncta
1854 5169 1934 5214 esse
1955 5150 2171 5218 sobrietaset

311 5278 716 5326 uraniumorassoaxxr.
1906 5266 1950 5319 <t

1279 5388 1307 5439 ι·
