4620 5588
169 201 280 289 rea·
437 146 441 161 ’
655 192 661 203 ·
856 193 1076 263 resumat
1096 191 1494 265 murmannus
1921 186 1923 191 ’
2060 199 2185 277 ,ιιι

168 389 288 452 midam
309 387 359 459 ob,
381 386 426 447 da
448 407 481 446 er
502 385 587 447 nicht
608 384 684 447 noth
705 387 759 448 ist.
803 383 840 448 ln
858 383 1148 472 Augustanocon·
1200 383 1277 468 quia
1299 402 1338 449 es
1360 403 1498 470 pauper,
1519 405 1628 474 aeque
1648 384 1738 453 bunc
1761 397 1892 453 coetum
1913 386 1990 452 idea
2008 384 2199 473 aDeuue,
2250 434 2258 453 .

168 484 270 542 ventu
303 492 391 537 anno
422 471 474 537 39.
498 493 573 538 cum
603 469 696 537 multi
721 470 858 556 Hispani
888 489 1006 535 recens
1038 470 1147 533 uenis·
1200 467 1295 557 gttgt,
1318 472 1394 555 quia
1417 483 1470 535 est
1492 491 1629 557 pauper.

168 572 245 626 sent
267 563 300 624 in
324 558 547 636 Germaniam,
568 571 647 625 sunt
668 554 716 623 idi
731 578 758 621 ,ιι
780 576 861 642 rege
879 556 1005 621 invitati
1017 557 1059 620 ad
1072 576 1148 620 een·
1286 553 1385 618 Bruti
1406 555 1570 638 tepenter]
1601 558 1723 623 Addita
1746 554 1932 645 exemplum
1954 559 1996 623 de
2019 560 2181 626 matribus

169 649 304 723 viviem,
327 658 359 708 et
381 641 478 708 simul
501 643 630 710 nobiles
643 642 812 709 Bohemiei
837 655 869 707 et
888 641 1044 706 Germani
1057 661 1148 727 prae·
1198 638 1448 706 interfectorum
1471 639 1659 717 iulautiam3
1680 641 1742 710 luit
1764 640 1998 710 inenarrabilis
2016 642 2125 726 dolor,
2146 647 2182 712 iu

170 734 270 816 cipui.
303 729 352 794 llli
375 728 524 795 hilariter
545 732 630 794 inter
650 750 690 794 se
712 727 956 814 colloquentes,
977 730 1147 792 incurrunt
1200 746 1267 812 quo
1290 723 1423 792 luerunt
1445 725 1524 795 illae
1543 742 1678 795 matres.
1723 728 1759 795 ln
1782 742 1908 818 quante
1930 727 2021 795 luctu
2042 727 2197 799 turrita-1

169 821 203 885 iu
226 819 315 883 hunc
337 836 534 894 sermonem,
556 816 646 902 quod
667 812 771 881 velint
792 827 929 898 postero
953 813 1006 879 die
1017 826 1148 878 certare
1199 815 1259 890 ria,
1284 832 1358 877 curn
1383 814 1463 880 vidit
1480 817 1627 900 pendere
1657 815 1758 881 lilium
1790 819 1822 881 in
1849 837 1965 895 eruce3
1993 813 2184 899 Etizauetb,

170 904 251 971 ludo
280 904 444 989 equestri,
471 905 527 962 urit
559 906 691 966 toruiru.
737 899 876 966 Nobiles
908 899 1081 965 Bohemiei
1114 910 1148 963 et
1171 900 1175 956 l
1199 919 1276 963 cam
1298 899 1378 964 vidit
1410 901 1516 991 viram
1539 901 1736 969 Zachariam
1766 900 1925 983 interfici,
1956 916 1992 969 ut
2020 923 2084 991 ego
2116 902 2182 970 exl-

127 1026 131 1031 ·
171 991 356 1056 Germardci
388 990 594 1054 constituunt
626 991 712 1053 iuter
744 1007 784 1052 se
817 989 908 1073 (quia
931 985 1069 1071 Hispani
1091 984 1147 1049 ha·
1200 983 1310 1048 stirne.

170 1080 271 1143 beant
292 1095 415 1159 parvos
437 1094 560 1159 equos,
584 1087 618 1141 et
638 1073 770 1139 soleant
791 1076 929 1157 primum
952 1091 1074 1158 magno
1091 1070 1147 1134 im·
1285 1067 1385 1131 Beati
1406 1073 1518 1153 urtica]
1563 1070 1608 1138 Ut
1636 1071 1748 1139 David
1775 1095 1844 1139 nen
1870 1075 2076 1151 interficiens
2098 1076 2182 1147 San.

183 1178 247 1228 retu
269 1162 407 1249 aggredi
429 1163 669 1239 adversaries),
694 1160 784 1246 quod
805 1153 1146 1244 velintinpugnailla
1196 1149 1276 1234 ler'n,
1310 1153 1365 1221 vel
1386 1154 1512 1223 Nabalr
1546 1157 1603 1224 vel
1632 1162 1751 1226 sumite
1785 1159 1872 1227 alios
1906 1162 2073 1248 principes
2108 1164 2182 1243 siue

184 1250 298 1314 udlora
332 1248 427 1334 quasi
460 1246 689 1330 perterrefacti
721 1245 953 1312 retrocederet
987 1246 1038 1308 sic
1059 1243 1146 1308 enim
1198 1238 1373 1320 Ethnicos,
1397 1244 1452 1329 qui
1475 1240 1609 1310 luerunt
1631 1248 1745 1323 mites;
1769 1244 1823 1312 rel
1835 1248 1945 1332 potius
1958 1247 2181 1331 Christianos,

169 1335 325 1407 futurum,
347 1348 383 1398 ut
402 1332 540 1417 Hispani
563 1335 775 1411 arbitrantes,
798 1327 1147 1415 eosterritesiagere,
1170 1325 1175 1387 l
1199 1339 1235 1390 ut
1267 1326 1505 1409 Theodosium,
1540 1333 1594 1417 qui
1621 1329 1689 1417 ¹luit
1719 1334 1816 1399 mitis,
1865 1331 2000 1419 Duplex
2034 1347 2086 1418 est
2119 1336 2179 1402 ira.

168 1424 294 1487 maiore
315 1421 440 1485 ardore
461 1432 605 1494 certent;
628 1439 666 1483 se
690 1439 770 1483 vero
793 1430 872 1483 tuuc
895 1414 985 1482 uelle
1006 1412 1147 1502 corigia·
1201 1412 1230 1475 l.
1255 1412 1308 1474 Ila
1330 1417 1419 1478 eiurat·
1435 1415 1507 1476 dein
1529 1415 1771 1481 urrcelrrulrutr
1794 1429 1839 1499 ut,
1851 1416 1933 1484 Cain
1946 1420 2016 1486 odit
2032 1417 2180 1491 fratrem.

169 1510 267 1572 batos
290 1527 365 1570 eum
387 1506 516 1590 magnis
539 1508 633 1591 equis
656 1508 826 1571 incurrere
843 1506 877 1568 ia
899 1503 1146 1588 Hispanosuna
1170 1469 1175 1619 Ι
1198 1498 1229 1561 2.
1252 1496 1318 1563 Ubi
1340 1498 1461 1588 aliquis
1484 1516 1699 1589 prouocatur,
1727 1518 1764 1570 ut
1785 1502 1896 1571 David
1918 1502 2021 1571 habet
2043 1504 2181 1573 iustissi-

169 1595 293 1658 strietis
316 1591 453 1677 gladiis,
483 1603 516 1655 et
544 1593 590 1656 ita
621 1590 698 1657 illos
729 1595 876 1656 vincere.
921 1588 990 1654 Res
1013 1588 1147 1664 accidit,
1171 1622 1174 1637 ·
1199 1606 1285 1649 maru
1319 1606 1474 1652 caussam
1508 1588 1725 1657 interficiendi
1747 1591 1893 1658 Saulem.
1939 1596 2035 1673 ltem,
2066 1594 2180 1680 Augu·

170 1688 300 1745 uteret
333 1678 524 1741 constituta.
569 1678 734 1743 Postridie
756 1677 958 1743 conveniunt
984 1686 1062 1739 ante
1089 1671 1145 1736 ho·
1170 1642 1175 1737 l
1199 1683 1273 1755 stus
1295 1670 1399 1738 habet
1432 1674 1553 1740 iustam
1580 1696 1735 1755 caussam
1758 1691 1877 1744 contra
1897 1678 2112 1745 adversarios
2135 1678 2179 1746 ad

169 1765 301 1849 spitium
324 1762 428 1851 Regis
451 1761 580 1828 nobiles
603 1764 790 1850 pugnaturi.
846 1761 1002 1843 Gernrmri
1027 1773 1060 1825 ct
1082 1758 1147 1824 Bo·
1170 1743 1175 1832 l
1198 1756 1461 1825 interficiendam
1483 1781 1557 1841 eos,
1584 1764 1646 1827 sed
1669 1776 1876 1831 eorrvecatos
1898 1766 2081 1851 obiurgans
2105 1787 2178 1852 gra·

169 1849 257 1914 hemi
280 1842 582 1935 retrogradientem
614 1863 732 1936 postea
761 1851 794 1913 in
821 1851 964 1912 miseros
986 1866 1092 1933 eques
1115 1854 1148 1908 et
1170 1836 1175 1881 ¹
1200 1845 1296 1921 viter,
1320 1857 1445 1926 mouet,
1468 1860 1502 1912 ut
1525 1868 1689 1914 memores
1712 1851 1778 1915 sint
1799 1849 1963 1929 beneficii,
1985 1863 2180 1917 neccoutra

170 1939 299 2022 equites
321 1957 396 2000 eum
417 1937 488 2001 suis
517 1939 646 2022 magnis
673 1956 692 2000 e
717 1937 767 2000 uis
796 1936 969 1999 incurrunt
996 1953 1063 1998 aon
1086 1952 1148 1996 uu·
1198 1949 1237 1994 se
1258 1931 1435 2016 quiequam
1456 1944 1598 1999 struant.
1621 1932 1683 2001 Est
1703 1957 1825 2023 magna
1846 1956 1903 2003 res
1920 1937 1954 2001 in
1965 1934 2180 2022 imperatore,

170 2024 256 2087 datis
280 2021 418 2108 gladiis,
445 2032 478 2085 et
500 2026 646 2087 vineunt
691 1958 829 2107 llispaui
853 2021 1004 2086 videntes
1025 2040 1064 2084 se
1085 2037 1148 2083 sua
1199 2035 1266 2079 uun
1288 2036 1431 2101 peecare
1449 2020 1515 2095 ira;
1543 2022 1621 2106 quia
1643 2018 1780 2105 maltum
1801 2035 1960 2107 peccatur
1977 2024 2013 2089 in
2033 2024 2179 2107 imperiis

65 2100 74 2107 ’
168 2128 282 2194 pugna
304 2109 427 2172 derisui
446 2106 574 2185 haberi,
608 2106 785 2174 voluerant
811 2104 878 2172 alio
904 2104 984 2172 ludo
1008 2117 1147 2170 certare.
1198 2098 1333 2166 haere.
1356 2101 1471 2188 Scipio
1494 2103 1555 2173 luit
1579 2109 2180 2193 praestantissimus,derruoclrzeueli

168 2194 238 2260 Sed
261 2193 332 2259 lieu
354 2213 414 2257 eos
436 2193 673 2259 reconciliavit.
697 2195 758 2260 Est
773 2189 1148 2275 exeruplumludiorum,
1198 2207 1235 2251 er
1256 2188 1290 2253 iu
1311 2191 1482 2272 praedium
1503 2212 1614 2269 suurn,
1632 2195 1791 2283 eiectusa
1806 2196 1960 2275 tribunis,
1972 2216 2036 2262 uec
2053 2196 2179 2281 cupidl-¹

167 2281 228 2345 sed
252 2278 356 2344 multa
378 2279 545 2365 signiticat
567 2280 609 2343 de
631 2284 731 2347 rebus
755 2281 894 2367 rrraguis.
937 2279 1012 2343 Nau
1036 2292 1087 2342 est
1102 2277 1148 2341 in·
1198 2287 1266 2338 tate
1286 2274 1451 2341 uindictae
1471 2281 1646 2364 perturbat
1668 2278 1883 2367 Reipublicae
1904 2293 2036 2349 statum·
2071 2280 2115 2347 as
2135 2284 2196 2367 iel¹

167 2367 337 2444 usitatum,
358 2364 435 2425 dass
457 2369 542 2428 eim
562 2366 633 2428 selu
653 2367 726 2429 ellat
749 2369 781 2432 iu
803 2366 978 2452 principio,
1001 2377 1036 2429 et
1056 2382 1147 2431 ever·
1198 2363 1248 2421 ein
1269 2382 1362 2443 pro-‘s
1384 2362 1685 2444 directaneus
1707 2368 1993 2434 mansuetudinem
2016 2365 2107 2434 illam
2123 2368 2178 2434 ad-

167 2453 208 2517 tit
228 2471 267 2514 se
288 2453 408 2536 ipsum.
1198 2447 1245 2530 dit
1266 2453 1500 2533 praestantiae·
1513 2448 1652 2517 aliarum
1674 2454 1842 2520 virtutum.
2239 2520 2243 2525 ,

254 2535 347 2600 Vera
368 2532 522 2600 Ecclesia
545 2548 598 2601 est
618 2539 718 2616 mitis,
739 2557 807 2603 nen
832 2535 1147 2621 cupidavvindictae,
1284 2532 1425 2608 Quande
1449 2534 1559 2624 Cyrus
1582 2551 1615 2604 et
1637 2536 1810 2626 cyaxares
1832 2552 1913 2607 suut
1933 2538 1966 2607 in
1989 2540 2107 2606 iisdem
2125 2558 2178 2607 ea·

166 2643 235 2688 non
269 2620 369 2686 babet
401 2620 635 2707 Tyrarruitleru,
670 2636 722 2688 est
754 2627 827 2689 siue
860 2619 1053 2689 defensore:
1086 2624 1148 2688 sed
1199 2619 1297 2687 stris:
1332 2624 1423 2687 veuit
1444 2621 1555 2709 Cyrus
1576 2624 1610 2691 iu
1632 2626 1810 2691 tentorium
1832 2624 2009 2714 Cyaxaris,
2032 2638 2067 2692 et
2087 2626 2180 2695 videt

166 2707 270 2774 babet
304 2706 411 2772 Deum
445 2706 669 2775 defensorem.
724 2710 803 2776 ldae
837 2712 941 2795 iuquit
974 2708 1147 2774 Christus:
1198 2726 1273 2771 eum
1295 2704 1446 2776 ileutem:
1478 2717 1552 2795 ipse
1575 2732 1713 2798 gemens
1735 2714 2107 2800 interrogatoeaussam
2127 2709 2180 2781 lu·

121 2834 128 2845 ι
166 2794 381 2859 Poastdab'itir
413 2801 546 2856 imum:
578 2795 744 2862 hubabitis
778 2795 885 2861 Deam
918 2796 1091 2861 custodem
1114 2805 1149 2861 et
1199 2804 1282 2857 ctus.
1327 2791 1378 2854 Aa
1400 2815 1469 2875 apo,
1492 2798 1664 2883 respoudit
1684 2795 1757 2878 ille,
1785 2818 1847 2861 riou
1869 2799 2015 2872 chloran,
2038 2801 2092 2883 qai
2112 2820 2179 2861 sam

166 2883 347 2948 vindicemr
370 2881 435 2941 lues
456 2881 533 2942 dieb
553 2881 703 2960 scheller,
724 2881 926 2947 maledicant
945 2880 1005 2961 illi,
1034 2894 1070 2947 tu
1091 2902 1147 2947 au·
1197 2876 1289 2953 lieu,
1322 2886 1354 2939 er
1384 2881 1478 2942 cirico
1513 2888 1544 2944 te
1567 2884 1647 2963 coli,
1680 2904 1728 2946 me
1759 2888 1833 2950 aare
1865 2885 2007 2968 aepliqi‘i
2068 2884 2178 2973 Cyrus

166 2978 233 3033 tem
251 2969 374 3034 ambis.
420 2966 511 3032 Nihil
532 2981 585 3033 est
606 2970 827 3056 perniciosius
850 2981 883 3033 et
904 2971 1011 3057 magis
1034 2969 1145 3035 exitio·
1197 2965 1314 3050 iuquit,
1347 2986 1387 3032 se
1415 2964 1555 3033 libenter
1589 2972 1819 3054 depositurum
1847 2972 2033 3058 imperium,
2066 2973 2181 3040 eldat
2256 2967 2260 2981 '

165 3073 240 3119 sum
266 3052 522 3139 llebuspublieis
539 3077 639 3140 quam
661 3057 827 3140 cupiditas
849 3055 1031 3133 vindictae,
1055 3055 1146 3141 quod
1199 3051 1389 3118 mandatnm
1411 3056 1483 3119 suis
1506 3057 1688 3142 capitaneis
1711 3070 1745 3123 et
1764 3054 1959 3142 praefectis,
1981 3068 2017 3124 ut
2038 3071 2115 3124 eant
2135 3062 2180 3126 ad

165 3142 310 3207 vidimus
332 3138 386 3211 his
406 3140 450 3205 :td
471 3144 568 3207 annis
590 3141 622 3209 ih
646 3144 842 3209 doctoribus
864 3154 898 3207 et
921 3140 1006 3206 aliis.
1050 3138 1146 3207 diuiti
1200 3133 1396 3223 Cyaxauem.
1440 3139 1566 3208 Dicunt
1599 3141 1724 3211 nullam
1752 3143 1851 3211 uliam
1877 3143 2179 3227 caussamiuisse,

167 3225 329 3292 tumultus·
352 3228 459 3292 exorti
480 3240 559 3295 suut
577 3230 1150 3314 excupiditatevindictaaetaemu·
1201 3243 1306 3309 quare
1328 3223 1540 3293 Soliruanuus
1562 3226 1744 3317 imperator
1765 3228 1927 3299 'l'urcieus
1943 3228 2179 3299 interiecitlm·

165 3308 299 3377 latione.
1202 3308 1436 3392 brehasrham,
1458 3314 1522 3378 uisi
1544 3318 1646 3403 quod,
1670 3318 1805 3403 quando
1828 3319 2011 3405 imperator
2032 3319 2179 3393 exivitia
2238 3332 2241 3339 '

1202 3394 1370 3482 templum,
1405 3395 1458 3463 vel
1490 3422 1613 3483 errem,
1646 3400 1702 3469 uel
1733 3404 1889 3491 oppidum
1919 3406 2180 3491 exspatiaturua,
2284 3458 2289 3469 .

197 3496 260 3563 Ex
283 3496 646 3564 ροΝΤιΝυΑΉΟΝΕ
669 3497 869 3564 musnssqq
894 3499 1129 3568 fficqqoqqqs
1201 3481 1417 3567 splendidiori
1440 3488 1598 3553 comitatu
1629 3484 1773 3574 stipatus
1799 3484 2191 3575 tuerittnureuaschqa

497 3584 718 3658 sssQussNu
740 3584 828 3650 ΜΕ,
1200 3568 1272 3630 Dur
1292 3568 1360 3632 that
1376 3570 1439 3634 ihm
1460 3571 1554 3650 melu,
1577 3574 1717 3662 ideoque
1739 3597 1814 3643 eum
1836 3578 1990 3642 trucidat.
2154 3650 2158 3661 ,
2188 3590 2192 3597 ·

607 3698 610 3702 -
1288 3654 1444 3743 Magnum
1466 3658 1622 3744 quiddam
1640 3674 1693 3728 est
1715 3664 1781 3729 ista
1792 3659 1955 3730 celsitudo
1968 3663 2078 3743 animi,
2089 3656 2188 3749 quod,

237 3726 350 3830 Quid
380 3727 558 3810 didicisti·
584 3758 638 3813 ex
667 3729 853 3843 proxima
883 3731 1082 3818 laetiensi
1200 3738 1311 3894 qquiq
1333 3764 1401 3847 uqn
1424 3741 1590 3850 ique-sectr
1611 3744 1758 3829 saulem,
1779 3746 2180 3901 etNNabqqqnquanqqqam
2298 3852 2305 3877 ,

256 3908 458 3975 Aristoteles
486 3911 710 3999 interrogatus
739 3924 833 3998 patre
860 3910 1029 4063 disqiqrulh
1062 3934 1148 4000 quas
1199 3840 1348 3998 bdyfegtt
1365 3843 1583 3995 dliliifffflenddill
1597 3854 1818 4001 ildirisffiau,
1836 3843 2180 4009 :lednen'lissatass

948 4023 966 4060 ll

169 4016 224 4063 res
246 3996 384 4062 deberet
407 3995 542 4075 afferre,
564 3998 683 4083 inquit:
705 3997 842 4079 Adferat
860 4000 914 4062 tab
967 4023 996 4062 m
1018 4008 1049 4063 at
1070 4021 1148 4062 rnen
1200 4002 1275 4067 dem
1298 4014 1418 4068 terram
1442 4005 1602 4091 possidet.
1907 4086 1911 4093 Ι

168 4091 242 4146 tem:
276 4083 309 4146 id
343 4093 406 4163 est,
444 4079 554 4170 aliqua
593 4096 671 4150 sunt
701 4087 918 4181 autretunda,
944 4087 1005 4152 sed
1044 4085 1147 4154 inulto
1285 4078 1341 4148 ira
1371 4090 1433 4150 ciri
1460 4088 1571 4152 tttalttm
1599 4082 1776 4178 ope'ralttr},
1793 4086 1917 4183 §.thim
1946 4080 2190 4183 libiliesiilffilt

169 4169 266 4255 plara
293 4181 371 4234 suut
401 4169 591 4255 cogitanda.
639 4169 724 4236 Nam
753 4174 911 4241 ceritatio
935 4174 1147 4259 praecipuam
1198 4173 1393 4259 puerilibus,
1428 4196 1470 4241 ne
1502 4183 1686 4246 exerceatis
1719 4183 1802 4245 iram
1834 4183 1865 4246 in
1899 4168 2041 4245 minimis
2064 4182 2177 4248 rebus.

170 4257 235 4321 vim
258 4251 360 4321 hahet
381 4256 415 4319 in
434 4267 504 4321 tota
525 4258 653 4323 ratione
675 4225 836 4339 discendi,
864 4273 899 4324 ut
920 4269 956 4326 et
977 4258 1060 4325 velis
1083 4281 1147 4325 me
1201 4259 1321 4325 Graeci
1353 4265 1521 4328 unruluant
1543 4259 1692 4349 ὀξύχολον,
1722 4265 1930 4349 larltroraip.
1975 4264 2052 4332 hieu
2074 4280 2179 4334 mater

169 4342 316 4420 minisse,
339 4361 426 4427 quae
448 4342 555 4421 audis,
585 4355 618 4408 et
639 4365 725 4430 quae
754 4346 939 4411 memineris
967 4346 1148 4432 cogitando
1200 4360 1273 4413 erat
1294 4347 1469 4414 admodum
1492 4346 1641 4435 pllaeida,
1656 4356 1689 4418 dl
1710 4352 1841 4418 ldl'mica
1859 4344 2064 4424 iracundiae,
2076 4365 2110 4419 et
2123 4376 2177 4420 vo

170 4439 313 4512 repetas.
359 4428 577 4494 Considerate
600 4431 746 4495 membra
772 4430 871 4498 huius
900 4432 1091 4512 concionis,
1114 4444 1148 4498 et
1201 4435 1298 4498 cubat
1320 4430 1397 4498 illos
1420 4436 1616 4518 iracundus,
1640 4441 1694 4531 qui
1718 4440 1788 4503 iras
1810 4441 1971 4505 maximas
1994 4455 2112 4528 gerant
2134 4442 2177 4509 ab

170 4512 282 4577 addite
304 4512 472 4599 exempla:
494 4516 572 4601 quia
593 4516 755 4601 quaedam
777 4518 970 4604 simpliciter
986 4524 1157 4605 claperia·
1200 4540 1269 4583 rem
1293 4516 1509 4601 levissimum,
1531 4524 1762 4607 penetraturus
1789 4535 1823 4591 et
1844 4538 1963 4591 reuera
1985 4528 2094 4591 omnis
2116 4527 2178 4591 ira·

172 4599 215 4661 ud
238 4619 299 4663 nos
322 4602 496 4685 pertinent.
541 4601 747 4668 Nossemus
770 4625 947 4689 pauperes,
970 4606 1148 4673 sedsimus
1200 4606 1328 4671 caudas
1352 4619 1404 4671 est
1424 4609 1645 4694 quroelzoruip.
1676 4609 1870 4683 Diuturnae
1891 4612 2177 4691 Lacedaemoniis,

170 4704 336 4770 pauperes
358 4685 488 4770 spiritu,
515 4688 549 4752 id
572 4699 640 4766 est,
665 4686 805 4754 velimus
827 4692 1049 4757 obedientiam
1072 4689 1149 4757 Deo
1199 4692 1300 4779 quod,
1333 4713 1407 4756 cum
1441 4695 1602 4761 vidissent
1636 4719 1774 4783 puerum
1796 4701 1887 4787 regis
1910 4695 2069 4777 aviculis,
2103 4720 2179 4765 curn

170 4782 344 4854 praestare
365 4772 398 4836 in
421 4771 479 4839 illa
501 4785 705 4859 paupertate.
1200 4780 1319 4865 quibus
1342 4776 1488 4859 ludebat,
1511 4780 1657 4848 effodere
1680 4781 1812 4866 ocules,
1831 4807 1907 4851 euur
1924 4781 2179 4863 interieceruut3

257 4854 355 4918 Beati
367 4879 524 4940 pauperes
545 4862 685 4943 spirita]
711 4859 764 4923 Da
785 4868 876 4924 ratast
898 4862 957 4949 dep.
976 4862 1146 4930 l-mearusr
1200 4866 1276 4951 quia
1298 4869 1499 4944 metuebant,
1528 4889 1570 4933 ne
1594 4891 1651 4935 rex
1675 4867 1785 4936 iactus
1809 4868 2037 4936 crudelitatem
2060 4871 2177 4938 eodem

171 4963 368 5054 quamquam
393 4943 541 5032 erempla
570 4959 648 5011 suut
668 4944 788 5028 multa,
810 4949 932 5014 sumite
953 4950 1150 5038 insigniora«
1199 4952 1298 5016 uredo
1316 4955 1543 5041 exerceretin
1567 4957 1671 5036 cives,
1694 4968 1728 5022 et
1750 4956 1843 5022 fieret
1854 4956 2044 5044 Tyrannus,
2066 4969 2102 5024 ut
2113 4958 2179 5025 iare
2255 4984 2259 4991 ·

170 5027 241 5095 hos
257 5025 456 5097 scholastici
484 5053 600 5099 sumas
633 5030 759 5099 similes
782 5032 920 5114 Lazari,
947 5033 1009 5102 alii·
1030 5039 1148 5124 magis,
1199 5039 1232 5103 in
1255 5056 1337 5103 aves
1353 5041 1543 5105 ‘saeviebat
1587 5042 1795 5130 Quamquam
1817 5063 1884 5107 nou
1909 5056 1962 5108 est
1983 5040 2109 5122 scelus,
2131 5040 2179 5109 el'·

170 5112 226 5181 alii
250 5115 370 5205 quirius.
414 5116 491 5183 Non
514 5120 643 5209 cogites
669 5120 744 5187 ideo
767 5134 801 5186 te
827 5142 850 5187 a
871 5117 946 5187 Deo
968 5123 1148 5204 abiectum,
1199 5121 1317 5189 fodere
1339 5123 1479 5192 aviculis
1502 5125 1762 5215 aculeatamen
1784 5130 1861 5195 inde
1877 5128 2180 5221 iudicabant-juge·

325 5251 471 5294 eamean.
485 5255 568 5302 orna.
581 5255 645 5299 vot.
659 5256 729 5300 un.
1936 5251 1971 5303 ⁴⁹
