4620 5588
815 185 1058 293 narnien.
1079 217 1268 289 serrem
1285 217 1555 291 emmaus
1643 238 1652 247 ·
1716 314 1721 326 Ι
2116 218 2196 289 ιι

1297 406 1509 495 Respondeo.
1559 404 1647 475 illud
1674 407 1796 477 malurn
1829 422 1963 477 texatur
1995 432 2017 477 a
2042 409 2196 492 Cium,

155 227 244 301 tm

176 419 282 486 tastris
303 412 364 482 tuit
387 437 429 482 ex
451 415 609 480 comitatu
626 410 781 478 Herodis.
824 407 1073 472 Dicletrtlteden
1091 408 1161 471 sich

161 524 220 568 ..a
241 502 408 570 aaronem
425 501 575 583 peberpt:
592 496 777 564 maluerunt
792 498 860 577 isti,
871 498 927 582 qui
945 507 1017 562 eret
1028 494 1157 563 'len-er·
1237 496 1303 562 uod
1323 494 1477 562 homines
1500 517 1568 562 non
1585 494 1702 563 volunt
1724 497 1895 583 respicere
1910 500 1956 564 sd
1977 499 2088 585 signs,
2108 519 2197 584 quse

177 589 243 658 elta
264 592 298 656 in
320 590 386 654 isto
409 589 547 673 populo,
569 588 798 670 obtemperare
820 584 945 668 potins,
967 603 1065 668 quem
1083 581 1161 648 Eth·
1246 602 1306 648 eus
1328 603 1391 648 seo
1414 579 1556 647 consilio
1578 593 1612 648 et
1632 583 1796 668 sapientia
1806 581 1975 651 lecittsed
1992 582 2110 651 velunt
2129 587 2196 653 stit

176 680 254 742 nico
271 676 478 763 magistratui
501 672 666 738 Romano:
699 691 741 737 ae
773 671 1028 737 nominabantur
1059 665 1168 754 aliqui·
1211 668 1362 772 exhiberi
1382 669 1494 754 signa,
1515 686 1601 754 quae
1622 670 1705 771 ipsis
1727 669 1870 757 placent.
1914 671 1992 734 Met
2013 671 2065 736 sol
2089 691 2123 734 er
2149 675 2195 735 ri·

176 761 369 840 Herodiani,
388 760 677 847 quidisputabant,
719 760 784 822 uod
807 777 873 823 non
896 753 1013 822 liceret
1034 756 1160 821 obtem·
1211 776 1279 817 nem
1299 754 1406 816 sedern
1435 752 1577 829 meeber,
1607 776 1664 816 ere
1685 776 1736 819 m
1757 756 1857 818 iader
1873 756 1956 831 will,
1981 759 2049 822 seed
2075 762 2134 822 soie
2160 780 2194 821 er

162 869 298 936 perere
321 847 490 923 Romanis,
513 842 665 911 videlicet
687 843 830 909 letbnieo
851 842 1078 928 magistratui,
1102 842 1162 906 do·
1211 841 1275 904 ιἸιιι
1294 842 1388 923 senffl
1409 839 1488 904 siut.
1532 839 1625 907 Talis
1647 858 1700 908 est
1720 845 1855 910 aversio
1876 865 1898 909 a
1919 844 2013 925 Deo,
2034 856 2072 911 ιιι
2090 843 2194 912 borni·

160 935 312 1002 -rninanti
334 934 368 1000 in
391 929 602 1019 pepuloDei.
647 930 858 997 Contrarium
881 939 991 993 tamen
1008 947 1065 991 res
1087 927 1162 1011 ipsa
1212 950 1274 994 nes
1296 938 1454 1013 expetant
1474 929 1585 1014 signis,
1607 949 1695 1014 quae
1716 931 1798 1017 ipsis
1820 942 1899 997 sent
1920 934 2060 1000 suaviae
2088 932 2132 998 its
2156 952 2196 998 se
2232 970 2241 982 ι

178 1019 360 1086 clamabat:
382 1040 457 1084 nam
480 1033 513 1083 et
535 1017 633 1096 iilos,
660 1018 715 1101 qui
738 1018 802 1083 sub
824 1013 958 1079 llerode
986 1015 1162 1092 sedebant,
1212 1028 1340 1093 emant,
1361 1028 1394 1079 et
1416 1032 1497 1079 sues
1518 1016 1714 1097 suavitates,
1734 1038 1803 1083 non
1820 1030 1932 1083 amant
1952 1016 2074 1086 Deum.

71 1120 72 1124 ’
176 1120 214 1174 ιιι
235 1107 343 1173 Maria
364 1121 398 1171 et
419 1105 553 1192 loseph,
577 1105 755 1190 oportebat
786 1104 836 1167 ire
862 1103 896 1165 in
917 1101 1072 1167 iudaeam
1084 1144 1096 1178 ,
1128 1111 1162 1164 et
1211 1118 1215 1123 ·
1300 1099 1425 1165 Verum
1449 1102 1624 1187 cst,signa
1645 1116 1724 1170 sunt
1744 1106 1941 1189 spectanda,
1975 1126 2039 1171 uae
2059 1107 2195 1193 quidest

177 1197 410 1278 obtemperare
422 1190 591 1273 Romanis,
613 1200 649 1256 ut
670 1186 794 1255 sectum
816 1199 867 1252 est
890 1187 1002 1252 edicto
1015 1186 1161 1272 Augusti
1213 1197 1247 1252 et
1269 1184 1465 1252 exhibentur
1486 1187 1573 1267 ideo,
1595 1198 1632 1254 ut
1653 1202 1864 1274 spectenturz
1886 1127 2098 1258 etChristns
2116 1193 2196 1267 inse

162 1281 349 1365 proposito
372 1280 414 1344 de
437 1299 551 1343 censu.
1212 1269 1336 1359 allegat
1357 1273 1469 1358 signa:
1493 1273 1805 1349 caederemus
1824 1277 2002 1360 loqueretur,
2025 1291 2093 1344 etc.¹
2124 1271 2194 1344 lino

165 1414 170 1421 .
264 1366 366 1431 Scitis
388 1365 589 1430 doctrinam:
612 1360 703 1428 aliud
724 1374 777 1427 est
798 1356 964 1437 Ecclesia,
986 1353 1077 1423 aliud
1097 1354 1161 1424 Po
1211 1370 1281 1425 tota
1305 1379 1415 1424 rerum
1437 1368 1556 1425 natura
1578 1373 1630 1425 est
1649 1361 1843 1430 miraculum
1862 1367 2067 1450 propositum
2079 1367 2194 1452 generi

175 1449 255 1518 litis.
303 1449 458 1519 Ecclesia
474 1470 540 1514 non
564 1466 617 1514 est
638 1445 774 1534 alligata
800 1446 844 1511 ad
877 1467 976 1511 mrem
1003 1439 1159 1529 politiam.
1211 1445 1370 1524 humano,
1392 1456 1429 1510 ut
1450 1447 1495 1510 sit
1517 1448 1741 1515 testimonium
1763 1453 1805 1515 de
1826 1450 1916 1517 Deo:
1945 1462 2066 1537 postea
2091 1454 2195 1518 etiam

175 1536 333 1604 Ecclesia
347 1549 398 1603 est
420 1553 537 1603 coetus
560 1537 734 1620 dispersus
756 1534 789 1597 in
812 1532 959 1610 mundo,
991 1533 1038 1592 sie
1068 1528 1160 1612 pelet
1211 1543 1289 1598 sunt
1316 1533 1415 1618 signa
1448 1529 1643 1617 singularia·
1696 1535 1766 1602 Sed
1795 1535 1949 1602 Christus
1980 1558 1998 1601 r
2043 1537 2196 1604 rehendit

175 1624 276 1686 darei
292 1625 346 1686 die
367 1623 450 1702 walt,
473 1635 642 1710 tamquam
664 1616 793 1686 schola.
839 1617 903 1680 Die
923 1615 1066 1683 Politice
1086 1616 1161 1678 rirrd
1212 1638 1283 1697 eos,
1304 1620 1361 1704 qui
1382 1637 1451 1683 non
1473 1617 1613 1685 credunt
1634 1621 1754 1708 signis,
1777 1643 1863 1708 quae
1884 1637 1963 1690 suut
1980 1645 2021 1689 es
2046 1625 2125 1691 ibite
2149 1627 2194 1689 iu·

164 1709 256 1772 eecli
278 1709 441 1792 rtrrpleieb,
471 1730 556 1794 quae
584 1719 662 1774 sunt
689 1705 834 1792 hospitia
856 1702 1043 1773 Ecclesiae.
1088 1703 1159 1768 Sub
1212 1705 1298 1771 dicio
1321 1702 1398 1782 Dei,
1420 1704 1484 1770 sed
1505 1717 1622 1790 petunt
1644 1709 1760 1793 signa,
1788 1729 1874 1794 quse
1902 1711 1986 1795 ipsis
2014 1722 2095 1776 sunt
2116 1732 2193 1777 sus·

175 1794 286 1863 'furca
307 1811 360 1863 est
382 1794 484 1861 multo
506 1796 634 1860 tristior
656 1794 818 1871 servitus,
842 1805 876 1857 et
904 1791 1019 1856 durius
1041 1789 1160 1875 premi·
1209 1791 1277 1857 vie:
1300 1790 1344 1850 de
1362 1792 1418 1850 mir
1439 1809 1550 1852 wtsern
1573 1792 1709 1856 corileti
1727 1816 1769 1857 en
1791 1795 1922 1869 serien,
1950 1798 2007 1863 ubi
2029 1816 2098 1862 non
2143 1794 2194 1861 le·

177 1893 231 1948 tur
251 1880 419 1962 Ecclesia,
441 1902 540 1968 quam
561 1880 654 1959 alibi,
670 1881 725 1946 ubi
748 1890 802 1944 est
823 1877 999 1943 mediocris
1021 1872 1159 1941 libertas
1210 1877 1293 1942 riaru
1314 1875 1380 1940 Dei
1402 1878 1601 1960 quaerimus,
1620 1881 1680 1945 sed
1703 1893 1821 1947 nostra
1842 1884 2027 1949 commode.
2073 1882 2113 1947 V'
2139 1904 2195 1948 en·

175 1966 412 2055 professionis
435 1982 468 2034 et
490 1966 687 2033 elementior
718 1987 779 2031 seu
807 1964 917 2029 mitior
974 1962 1158 2028 uberantio·
1210 1975 1263 2029 tes
1285 1964 1574 2029 resuscitationem
1596 1963 1731 2046 Lazari,
1753 1968 1876 2034 debent
1893 1970 2047 2049 credere,
2064 1970 2195 2037 etiamsi

176 2055 248 2118 Des
268 2055 385 2118 merckt
406 2056 464 2138 dep
485 2056 554 2117 dem
575 2061 654 2119 wort
676 2048 849 2135 βασιλικῖςε
875 1984 972 2114 alqu
997 2067 1076 2115 esse
1096 2045 1160 2113 Ec·
1211 2050 1357 2134 ipsorum
1389 2045 1449 2112 lilii
1482 2070 1550 2115 non
1588 2056 1840 2120 resuscitentur.
1907 2054 2015 2122 Vidua
2048 2057 2196 2122 debebat

176 2140 615 2227 clesiam‚aliudimpe1ia:
639 2153 669 2204 et
693 2135 879 2209 Ecclesiam
903 2155 981 2200 esse
1003 2141 1159 2219 sptsam
1211 2137 1346 2201 Christe
1369 2136 1506 2200 credere
1526 2153 1664 2222 propter
1691 2138 1758 2204 alia
1779 2143 1898 2227 signa,
1928 2144 2057 2208 etiamsi
2087 2143 2195 2228 ipsius

175 2249 236 2312 per
258 2230 391 2294 diversa
412 2226 572 2313 imperia;
590 2238 625 2291 ct
645 2221 722 2290 uiibi
745 2243 823 2288 esse
845 2223 1024 2287 tristiorem
1047 2232 1080 2286 et
1100 2221 1159 2287 du·
1210 2219 1299 2285 filius
1320 2241 1388 2285 non
1411 2235 1502 2286 esset
1524 2225 1754 2291 resuscitatus.
1805 2227 1882 2292 Non
1915 2230 2054 2295 credere
2084 2229 2194 2314 signis

173 2317 297 2381 riorem
319 2315 524 2392 seruitutem,
546 2309 625 2377 alibi
648 2312 819 2376 mitiorem.

262 2399 415 2466 Servitus
448 2401 553 2482 drinpt
587 2398 715 2480 ellewep
748 2394 969 2460 berclwena‘rr
1000 2394 1057 2454 mit
1078 2390 1156 2454 siclt.

175 2486 270 2552 Sicut
292 2484 388 2553 Plato
412 2487 508 2552 dicit:
540 2486 678 2568 Utroque
709 2486 843 2564 optimo:
875 2480 1039 2543 eccelerate
1066 2481 1158 2540 seroi-

175 2582 235 2646 ittr,
259 2581 289 2635 ct
311 2573 476 2635 morleroie
498 2573 645 2643 libertam
673 2577 856 2650 electroque
881 2570 1031 2648 possitne:
1055 2567 1160 2627 t'mmo·

177 2658 295 2722 derata
316 2663 458 2730 servitem,
481 2669 511 2721 et
533 2659 736 2720 irrrrnerieroto
759 2655 898 2717 liberior.
943 2650 1083 2718 Multum
1102 2653 1160 2717 ab·

174 2759 311 2812 utuntur
329 2744 480 2812 homines
502 2744 657 2811 liberate:
690 2754 808 2829 postea
833 2742 981 2825 sequitur
1002 2740 1159 2811 servitus,

173 2832 208 2897 id
240 2845 314 2910 est,
348 2830 478 2897 frenum
511 2845 547 2898 et
569 2852 696 2898 carcer.
741 2827 925 2912 Captivitas
948 2821 1159 2911 Babylonica

175 2931 248 2984 erat
270 2938 394 3004 magna
415 2920 585 2994 servitus,
618 2939 684 3002 qua
707 2926 779 2979 erat
801 2933 964 2998 oppressa
985 2909 1159 2977 Ecclesia:

175 3005 236 3070 sed
260 3015 369 3068 temen
393 3005 424 3067 in
450 3001 507 3070 illa
529 3005 692 3068 servitute
715 2997 775 3065 fuit
796 2994 1159 3084 rnuiorgloriupopuli,

201 3111 276 3155 uum
298 3086 382 3153 alias
405 3087 536 3168 luisset,
560 3091 589 3153 si
608 3109 675 3154 non
696 3085 777 3152 lacti
799 3097 915 3149 esseut
937 3079 1066 3151 exules.
1109 3082 1158 3147 lbi

174 3108 271 3241 licus
301 3177 446 3240 ostendit
468 3172 655 3241 Ecclesiam
683 3192 786 3259 posse
819 3190 899 3235 esse
929 3171 964 3233 in
986 3170 1157 3234 servitute.

176 3257 355 3327 Confessio
367 3258 531 3343 Danielis,
546 3278 579 3325 et
601 3258 754 3343 exempla
777 3255 1007 3321 liberationum
1025 3252 1159 3320 suerunt

176 3344 422 3434 gloriosissima
455 3365 649 3413 enarmonia
672 3341 857 3411 Ecclesiae.
910 3342 1051 3415 Quande
1077 3339 1158 3406 Pila·

176 3446 231 3501 tus
254 3434 395 3517 praefuit
417 3433 579 3513 iudaeae,
605 3432 664 3499 suit
686 3428 855 3497 horribilis
873 3430 1031 3503 servitus,
1055 3444 1088 3493 et
1111 3441 1159 3491 ta·

175 3541 250 3586 nien
269 3533 349 3586 tune
372 3520 433 3586 iuit
455 3541 582 3586 snnrnm
604 3517 723 3606 gloria.
757 3518 804 3582 lbi
822 3516 883 3582 luit
894 3514 1049 3581 Christus
1065 3535 1158 3601 prae·

175 3606 305 3686 dicans,
327 3627 391 3672 sua
413 3628 520 3687 voce,
550 3608 719 3673 suscitans
737 3620 900 3670 mortuos.
945 3602 1020 3670 Fuit
1041 3602 1085 3667 ibi
1108 3601 1159 3665 lo·

162 3691 305 3777 ,hanoea
327 3691 491 3779 Baptista,
513 3693 581 3756 tend
600 3694 654 3756 dte
676 3692 796 3755 arram
812 3709 945 3771 pressea
960 3687 1106 3770 lter'lt'pen.

413 3852 547 3940 LOCI
576 3849 920 3940 DOCTRINAE.

265 4001 374 4069 Prima
396 4004 531 4069 materie
556 4013 606 4068 est
629 4002 662 4067 in
685 4000 752 4067 hac
773 4002 964 4067 narratione
986 3998 1027 4061 de
1046 4001 1158 4082 signis,

176 4088 311 4153 ausint
344 4092 488 4175 petendu
521 4090 629 4178 signu.
674 4087 721 4149 Es
742 4090 785 4151 ist
812 4091 862 4148 ein
884 4086 965 4149 dolie
991 4087 1158 4173 quaestio,

162 4173 230 4248 §cui
254 4173 472 4262 explicandae
492 4196 590 4242 nemo
613 4186 763 4241 nostrum
785 4196 847 4262 par
876 4188 945 4239 est:
975 4184 1085 4240 tamen
1114 4176 1158 4240 ad

14 4267 18 4274 '
74 4298 80 4306 ·
164 4261 526 4333 ‚commonefaciendus
547 4265 694 4328 iuniores
716 4259 840 4348 aliquid
863 4262 1021 4326 dicemus.

168 4360 174 4375 '
263 4346 301 4415 ll.
346 4345 465 4414 Dulcis
488 4346 675 4415 consolatio
697 4350 740 4414 de
761 4346 891 4413 infirma
914 4346 990 4412 lide.

166 4433 551 4589 'pumllgpoetfipmmnnis
574 4436 724 4501 doctrina
748 4435 789 4500 de
815 4430 1006 4517 miraculis,
1039 4447 1072 4499 et
1097 4431 1157 4500 be·

426 4679 502 4765 DE
532 4679 713 4768 PRIMO
743 4679 911 4771 LOCO.

263 4814 321 4881 Sic
343 4824 577 4900 argumentor:

170 4964 182 4985 ·,
304 4900 414 4965 Noeee
424 4900 663 4963 doctrinoenen
674 4899 1157 4984 masmttmdenaneetpas:

307 4986 452 5053 chrisme
472 4986 691 5066 efferbuerant
712 4987 907 5051 doctrinam.-

305 5072 395 5157 Erpo
415 5094 478 5137 non
495 5079 542 5135 est
564 5074 595 5134 ei
608 5073 835 5136 assentiendum
855 5075 925 5137 elne
943 5075 1053 5156 epate.
1076 5073 1156 5138 rire

351 5158 942 5253 mffflfiflmtiffl
980 5184 1055 5235 --rt

424 5332 441 5346 κ
507 5304 530 5353 ὸ

1199 5074 1290 5161 ,seu
1307 5073 1433 5148 Deos,
1463 5091 1529 5136 son

1199 5156 1483 5259 wls-»lein
1494 5161 1620 5249 eln-
1649 5160 1896 5233 nummum·
1918 5158 2187 5251 auumque

1210 2306 1365 2373 exhibitis
1383 2308 1547 2391 sapientia
1571 2319 1605 2373 et
1627 2310 1768 2378 consilio
1788 2313 1874 2394 Dei,
1907 2336 1975 2381 non
2008 2326 2061 2380 est
2091 2335 2194 2401 quae·

1209 2414 1285 2460 rere
1307 2390 1447 2480 gloriam
1468 2392 1555 2474 Dei,
1584 2397 1644 2461 sed
1667 2411 1722 2464 est
1742 2420 1905 2485 quaerere
1926 2403 2094 2488 propriam
2117 2422 2192 2467 sua·

1211 2483 1356 2560 vitatem,
1381 2477 1434 2546 uel
1455 2483 1623 2567 propriam
1646 2483 1924 2571 imaginationem.

1296 2565 1401 2632 Tanta
1423 2578 1477 2632 est
1497 2569 1717 2652 perversitas,
1735 2572 1868 2657 quando
1891 2592 1958 2639 non
1980 2574 2193 2654 exhibentur,

1210 2672 1296 2741 quae
1318 2674 1381 2718 uros
1405 2665 1582 2739 optemus,
1614 2655 1784 2724 irenrimus
1806 2660 1974 2727 adversus
1996 2660 2127 2741 Deum,
2160 2670 2196 2727 et

1209 2762 1277 2807 non
1300 2760 1471 2805 irroremur
1497 2737 1554 2806 illa
1588 2743 1735 2809 bonitate
1755 2743 1843 2824 Dei,
1875 2748 1965 2832 quod
1997 2744 2121 2833 alioqui
2154 2765 2196 2813 se

1210 2825 1383 2915 patefecit3
1411 2846 1519 2913 neque
1547 2824 1687 2894 aliorum
1716 2829 1868 2917 exempla
1894 2845 1928 2898 et
1948 2853 2076 2919 poenas
2099 2855 2195 2900 eura·

1210 2934 1297 2992 mus,
1320 2913 1467 2998 perinde,
1489 2925 1526 2978 ut
1548 2934 1652 2999 saepe
1673 2914 1796 3004 aliquis
1828 2921 1863 2986 in
1890 2916 1949 2984 illo
1976 2922 2051 3005 ipse
2081 2933 2194 3000 coetu,

1210 3000 1266 3086 qui
1288 2999 1464 3065 cantitatur
1485 2995 1592 3064 iurem
1618 3003 1918 3087 suspendendum,
1931 3006 2106 3085 eornmittit
2125 3005 2194 3073 sur·

1210 3098 1290 3165 tum,
1312 3105 1387 3150 cum
1408 3085 1520 3151 videat
1541 3083 1631 3151 illum
1654 3104 1791 3174 propter
1813 3088 1935 3158 lurtum
1952 3093 2131 3177 suspendi,
2144 3103 2194 3160 ta·

1210 3192 1285 3238 meu
1307 3175 1381 3258 ipse
1402 3193 1469 3236 non
1493 3184 1658 3253 renovetur,
1682 3175 1791 3243 donec
1814 3179 1918 3262 ipsius
1934 3176 2062 3247 mitem
2078 3180 2194 3246 indite·

1210 3273 1265 3326 tur
1291 3255 1424 3343 laqueo.
1469 3255 1566 3325 Multi
1593 3279 1682 3327 nunc
1710 3263 1755 3328 ite
1783 3266 1940 3350 cogitant.
1991 3264 2098 3338 Quam
2119 3261 2193 3349 pul·
2255 3292 2258 3299 ·

1210 3345 1325 3413 chrum
1348 3357 1440 3409 esset
1451 3391 1462 3422 ,
1496 3346 1526 3411 si
1547 3344 1643 3412 Deus
1675 3349 1723 3414 ita
1756 3347 1962 3436 glorificaret
1989 3350 2192 3421 Ecclesiam,

1210 3446 1245 3498 ut
1267 3433 1364 3497 deret
1380 3432 1477 3495 nobis
1506 3433 1593 3499 bona
1625 3436 1732 3501 omnis
1767 3438 1921 3522 generis,
1953 3450 1986 3502 et
2018 3433 2194 3522 pulchrum

1210 3520 1358 3604 regimen
1380 3528 1414 3583 et
1434 3537 1585 3605 regnum,
1603 3539 1806 3589 consensum
1839 3524 2050 3605 docentium,
2083 3526 2193 3589 bonos

1209 3619 1243 3670 et
1263 3606 1469 3685 moderatos,
1491 3618 1524 3671 et
1545 3605 1715 3690 sapientes
1737 3610 1926 3693 principes,
1961 3612 2015 3695 qui
2043 3629 2107 3676 sas
2128 3608 2194 3676 vir·

1209 3704 1280 3757 tute
1302 3702 1461 3765 ornarent
1481 3688 1681 3772 Ecclesiam,
1703 3715 1771 3761 non
1794 3696 2048 3775 dedecorarent,
2064 3697 2121 3781 qui
2143 3693 2194 3763 so·

1210 3788 1328 3861 verant
1349 3773 1440 3842 illum
1463 3790 1619 3858 coetum,
1653 3794 1690 3846 ut
1711 3779 1913 3848 haberemus
1935 3782 2116 3866 potentiam
2133 3798 2193 3867 ,pa-

1209 3885 1279 3931 rere
1300 3863 1510 3948 imperatori,
1530 3860 1585 3927 rel
1607 3866 1785 3950 potentiam
1812 3869 2044 3953 opponendam
2061 3866 2193 3935 Turer's.

1210 3950 1317 4027 Quam
1339 3971 1445 4015 suave
1466 3947 1538 4021 lice=
1554 3962 1656 4017 esset.
1700 3951 1795 4019 'luno
1824 3952 1943 4021 uellem
1972 3951 2128 4038 amplecti
2153 3949 2194 4018 li·

1209 4038 1341 4103 bentius
1375 4035 1558 4113 doctrinam
1579 4035 1829 4123 Evangelieam.
1878 4039 1948 4103 Wir
1970 4039 2109 4102 denam
2131 4039 2194 4101 elle

1210 4124 1296 4186 alre:
1318 4120 1558 4209 Unusquisque
1580 4124 1865 4197 intueatursuum¹
1883 4138 2012 4193 ceretu
2033 4128 2077 4193 ita
2099 4127 2193 4213 cogi·

1210 4225 1274 4290 tas,
1296 4229 1372 4296 ego,
1396 4209 1524 4275 vicinius
1545 4221 1674 4289 noster,
1696 4211 1762 4273 aad
1782 4211 1851 4277 eleo
1868 4214 1955 4292 fort:
1982 4212 2060 4298 quia
2085 4210 2193 4279 homi·
2289 4227 2292 4231 ’

1209 4316 1271 4362 nes
1294 4309 1458 4383 quaeruut
1475 4296 1726 4402 commoditates
1742 4299 1813 4405 ‘sibi
1833 4319 1976 4366 suaves:
1999 4295 2124 4365 vellent
2145 4310 2193 4365 te·

1208 4379 2193 4556 mmmm

1208 4555 1282 4623 leet:
1303 4551 1425 4621 Libum
1445 4555 1532 4619 inter
1553 4557 1682 4642 spinas,
1704 4556 1778 4619 eber
1799 4580 1834 4620 er
1854 4562 1948 4620 meiat
1969 4574 2092 4625 rosam.

1267 4707 1270 4713 ,
1294 4639 1448 4705 Derttoelt
1468 4642 1511 4703 ist
1532 4641 1614 4708 noclt
1634 4644 1703 4705 eine
1721 4635 1860 4711 solutio:
1888 4643 2030 4717 Quando
2050 4645 2191 4711 verbm

1208 4741 1263 4796 est
1283 4724 1487 4806 revehtum,
1509 4741 1543 4792 et
1563 4728 1795 4797 confirmatum
1828 4729 2023 4797 testimoniis
2056 4729 2190 4814 diuinis,

1208 4828 1289 4884 tunc
1310 4833 1427 4880 ornnes
1448 4811 1601 4880 homines
1624 4815 1754 4883 debent·
1769 4815 2022 4904 sapientum
2040 4815 2192 4883 baberet

1415 5054 1418 5059 ι
1521 5033 1798 5158 ’mohabe
1824 5037 1903 5165 qlris
1933 5086 2093 5164 possm.
2106 5082 2188 5144 Μ
