4620 5588
168 230 236 319 aa
376 320 379 324 ,
848 142 1521 333 tantumtanturn.
2117 228 2187 343 οςω

169 420 260 504 liam,
272 435 306 489 et
317 417 444 487 ltaliam
456 414 621 505 complexi
633 428 711 483 sunt
733 437 799 485 uuo
817 418 968 505 imperio,
985 430 1018 482 et
1034 414 1154 484 delude
1166 453 1181 495 -,
1202 414 1470 480 misericordiaet
1490 415 1524 482 id
1545 426 1616 497 est,
1647 414 1814 484 salutares
1843 417 1907 483 sihi
1928 433 1962 483 et
1980 415 2066 484 aliis.
2111 417 2185 485 Vas

170 530 213 576 ex
235 506 347 574 Gallia
369 508 487 572 ltemm
508 502 598 570 dootl
620 502 716 571 eiiusl
736 513 816 569 sunt
837 505 871 569 in
897 500 962 569 has
985 504 1154 597 regiones,
1203 500 1286 580 irae,
1307 510 1344 566 ut
1366 499 1638 582 Demosthenes,
1666 503 1722 590 qul
1744 504 1847 570 movit
1878 500 2006 585 multa,
2038 505 2186 572 turbavit

169 595 226 683 qul
253 591 441 661 Ecclesiam
467 591 692 657 restituerunt.
741 587 946 656 Parislensis'
972 586 1154 655 Academia
1202 583 1453 673 Rempuhlicarn
1476 583 1666 676 aliquoties,
1688 590 1804 656 ruinae
1825 590 1858 654 in
1881 609 1955 656 eum
1978 590 2112 657 tandem
2139 591 2185 658 ir·

56 716 77 743 .
169 693 223 748 est
245 680 384 749 lundata
404 700 465 785 per
476 675 653 745 Alcuinum
664 676 814 748 Scotum,
836 678 891 764 qni
913 672 974 743 luit
995 675 1154 829 maplster
1203 684 1352 755 metant,
1370 686 1403 740 et
1425 692 1500 740 eam
1523 687 1776 761 oppresserunt.
1818 673 1938 739 Belalt
1959 676 2014 738 die
2038 673 2186 763 appella·

169 763 285 834 Caroli
307 765 422 853 Magni
443 778 478 831 et
499 764 685 832 studiorum
706 760 795 828 illius
807 752 1023 830 Academiae.
1073 760 1152 829 aulo
1202 758 1321 827 tiones.
1367 760 1411 825 Et
1431 764 1563 847 quoties
1584 762 1766 847 precamini
1775 808 1789 842 ,
1823 762 1936 828 addite
1962 764 2006 829 ad
2036 776 2185 830 vestram

168 865 247 922 ante
270 850 390 919 Gallus
412 851 568 935 venitin
580 850 803 939 Germaniam,
824 860 859 915 et
879 848 1030 916 homines
1052 868 1152 934 supe·
1202 847 1448 930 peccationemt
1473 846 1608 909 Domina
1619 846 1781 929 Deuafac
1802 870 1849 912 ote
1868 849 2185 925 natmismicordiae,

169 940 267 1009 rionis
291 936 512 1009 Germaniae,
545 948 581 1003 ut
607 932 780 1003 llelvetios
812 946 847 1003 et
870 934 1004 1003 Suevos
1027 935 1152 1006 docuit.
1200 940 1233 994 et
1253 950 1316 995 non
1336 935 1395 994 tim
1416 954 1472 995 aaa
1491 936 1579 997 nae:
1600 945 1634 999 et
1657 936 1818 1022 cogitate,
1847 937 1938 1022 qnod
1961 935 2115 1002 Christus
2136 937 2185 1003 in·

169 1025 218 1093 ita
241 1037 318 1091 sunt
339 1022 452 1112 aliquo
480 1024 580 1090 modo
604 1025 776 1091 restitutae
797 1020 989 1101 Ecclesiae,
1018 1032 1052 1088 et
1071 1018 1149 1087 Eth·
1201 1020 1291 1106 quit:
1324 1019 1401 1081 Sine
1433 1040 1479 1082 me
1506 1019 1588 1082 atili
1611 1024 1750 1103 potestis
1774 1023 1890 1102 facere.
1934 1021 2032 1088 lternt
2057 1021 2186 1094 Quanto

169 1113 327 1180 nicismus
350 1130 528 1197 repressas
551 1122 603 1177 est
624 1109 829 1195 temporibus
846 1129 883 1174 re
930 1107 1152 1175 tnl'rauclco·
1201 1106 1304 1187 napis
1326 1113 1423 1188 pater
1449 1114 1549 1169 naua
1578 1106 1721 1170 cmiestie
1748 1108 1839 1171 dabit
1864 1107 2018 1190 Spiritum
2044 1115 2186 1171 metm

169 1219 257 1265 ruma
279 1198 400 1264 deinde
421 1193 558 1263 multam
579 1197 726 1264 accessit
748 1208 881 1283 superet
893 1214 1005 1275 onum,
1028 1205 1063 1260 et
1073 1206 1151 1261 tent·
1196 1192 1395 1274 mttatidm!
1416 1192 1493 1257 Scio
1516 1193 1670 1266 Domine,
1702 1195 1788 1278 quod
1819 1216 1882 1256 non
1915 1202 1963 1256 est
1977 1194 2112 1257 lamma
2132 1197 2185 1258 ota

167 1305 251 1374 pore
273 1281 386 1352 Caroli
409 1283 521 1373 magni
543 1295 633 1350 tnota
655 1294 707 1349 est
725 1280 881 1373 'quaestio
903 1282 947 1347 de
964 1280 1153 1348 Transsuh·
1201 1282 1278 1342 eiut.
1320 1277 1467 1361 Videtis,
1490 1290 1571 1366 quot
1593 1278 1669 1346 mali
1691 1280 1834 1368 Spiritus
1862 1280 1985 1347 luerint
2012 1284 2045 1346 in
2099 1281 2185 1348 roxi-

168 1371 395 1441 stantiatlone.
676 1372 680 1381 '
1201 1365 1264 1430 mis
1286 1365 1359 1431 istis
1381 1366 1541 1432 scennis
1564 1370 1754 1433 turbatores
1776 1368 1989 1456 imperiorum
2011 1379 2046 1433 et
2066 1303 2184 1436 Docle-

252 1456 346 1524 llaec
379 1454 495 1523 eadem
530 1455 601 1523 dies
630 1468 682 1521 est
712 1454 783 1520 dies
828 1451 996 1521 interiecti
1030 1451 1152 1519 Demo·
1202 1453 1340 1530 siarum,
1362 1454 1418 1538 qui
1441 1450 1574 1519 suerunt
1594 1474 1680 1519 vasa
1701 1453 1790 1534 irae,
1811 1466 1848 1519 ut
1870 1455 1926 1541 qni
1947 1455 2110 1520 rusticus·
2133 1467 2184 1521 ta·

166 1542 320 1624 sthenis,
343 1544 377 1609 id
400 1551 464 1626 est,
487 1541 539 1607 16.
561 1542 668 1609 nostri
687 1540 855 1608 Octobris.
899 1538 1041 1608 Debetls
1063 1540 1152 1606 scira
1201 1534 1337 1604 multam
1359 1542 1563 1619 excitarunt,
1587 1540 1747 1619 Mamm,
1769 1540 1914 1621 Psalle,
1940 1539 2037 1603 Clara
2056 1539 2183 1612 Storcla

166 1628 384 1697 differentiam
418 1628 579 1694 mensium
608 1626 814 1695 Graecorum
848 1639 882 1694 et
913 1610 1181 1779 halanorum!
1202 1621 1330 1701 etalilt
1352 1646 1493 1712 quoram
1515 1623 1615 1692 valde
1636 1623 1760 1693 rnultos
1782 1628 1947 1714 antiqui
1968 1628 2088 1693 sibiet
2107 1624 2184 1693 aliis

167 1714 290 1782 Graeci
313 1736 334 1781 a
357 1713 590 1782 coniunctione
601 1713 716 1780 Lunae
732 1717 969 1801 computabant
990 1732 1151 1793 mensem,
1201 1713 1387 1777 excitarunt
1407 1709 1508 1779 atala.
1552 1711 1647 1779 Vasa
1669 1713 1917 1780 misericordiae
1939 1725 2029 1794 suat,
2045 1713 2102 1800 qai
2119 1710 2184 1780 sihl

168 1813 202 1868 et
223 1803 311 1868 intra
335 1800 377 1866 19
398 1821 506 1867 annos
528 1820 671 1881 necesse
696 1797 758 1869 luit
785 1820 919 1867 menses
946 1800 989 1866 ad
1011 1800 1151 1868 eundern
1201 1809 1236 1862 et
1257 1794 1334 1862 aliis
1355 1797 1515 1864 salutaria
1533 1794 1715 1879 iaciunt,et
1736 1798 1804 1866 hoc
1825 1800 2015 1865 nominatim
2037 1799 2184 1885 quotidie

168 1888 256 1955 diem
278 1908 477 1976 congruere.
1200 1886 1313 1969 petite.
1358 1883 1604 1952 Demosthenes
1631 1885 1724 1968 pelet
1755 1884 1837 1949 aaclt
1865 1885 1933 1948 alto
1966 1885 2073 1948 dolia
2125 1884 2185 1957 Sin

1202 1971 1320 2035 transit
1341 1968 1449 2076 gloria
1470 1971 1594 2036 mnndi.

364 2081 504 2186 Qum
534 2082 612 2167 fffl't
640 2079 965 2175 ”methensi
1200 2140 1266 2207 nn
1288 2056 1489 2211 illinit*
1509 2055 2083 2232 tttfliglitzltlitittt
2107 2056 2184 2211 it:

254 2233 378 2313 Orator
400 2231 626 2298 Atheniensis.
676 2232 795 2299 Cicero
825 2233 904 2300 dicit
931 2234 973 2298 de
1001 2232 1151 2298 oratione
1201 2231 1340 2315 gratias,
1373 2233 1462 2317 quod
1484 2250 1601 2297 sumne
1633 2234 1745 2297 vocati
1776 2232 1818 2296 ad
1847 2191 2046 2298 lsocietatem
2068 2215 2184 2297 ncne

167 2316 406 2385 Demosthenis
429 2329 547 2384 contra
558 2316 772 2399 Aeschinem,
783 2320 839 2386 uhi
851 2320 893 2384 de
915 2320 1048 2384 caussis
1071 2314 1150 2383 belli
1201 2316 1284 2395 siae,
1307 2329 1530 2402 etpalatum,
1557 2329 1593 2382 ut
1617 2319 1720 2383 situas
1742 2339 1826 2383 vasa
1854 2318 2121 2396 misericordiae,
2150 2327 2184 2384 et
2290 2383 2294 2399 ,¹

168 2407 254 2492 ugit:
280 2403 414 2467 Tantam
434 2424 501 2465 esse
521 2403 727 2488 eloquentiam
743 2408 777 2466 ia
800 2425 838 2466 ea
861 2408 1014 2475 oratione,
1031 2410 1150 2487 quanta
1201 2403 1338 2469 assidue
1360 2408 1561 2491 cogitemus:
1580 2403 1656 2466 Siste
1677 2412 1732 2466 tua
1753 2407 1875 2467 nomiae
1897 2404 1981 2465 asilii
1998 2411 2047 2469 est
2075 2407 2108 2464 in
2129 2402 2184 2465 ho·

168 2493 202 2553 ia
225 2491 337 2552 animis
358 2489 510 2552 hominnm
532 2491 656 2553 includi
671 2498 790 2573 potati.
836 2492 910 2555 Fuit
932 2512 1054 2557 strasur
1073 2487 1151 2571 belli
1201 2492 1299 2549 mitte.-
1318 2490 1418 2553 tollen
1436 2492 1490 2552 alie
1510 2490 1662 2552 historica
1683 2494 1794 2553 missen
1815 2492 1881 2553 aad
1902 2490 2104 2564 lernamdast
2125 2492 2193 2561 tait·v
2280 2505 2283 2509 ’

169 2589 288 2643 contra
318 2598 353 2641 re
379 2598 431 2642 em
459 2577 679 2643 Macedoniae
706 2575 902 2664 Philippum.
951 2575 1081 2642 Deinde
1102 2578 1151 2642 in·
1202 2595 1285 2636 arata
1307 2576 1416 2639 alaude
1443 2577 1600 2639 wrirmleia
1621 2580 1711 2656 rein,
1744 2589 1777 2643 et
1809 2576 1932 2643 fiducia
1963 2577 2069 2642 nostri
2102 2572 2184 2641 nihil

169 2660 314 2730 terfecto
336 2598 549 2742 Ahexandro,
576 2660 637 2729 luit
664 2665 781 2729 iterum
803 2676 926 2737 strasor
947 2663 1151 2748 suscipiendi
1202 2675 1344 2728 tentare.
1389 2663 1635 2730 Demosthenes
1657 2662 1759 2729 habet
1781 2661 1909 2729 illustro
1934 2665 2073 2730 dictum:
2117 2661 2183 2724 Ho-

168 2746 248 2815 belli
261 2762 377 2815 contra
401 2748 752 2836 regemlllaccdoniae.
797 2752 984 2836 Antipater,
1005 2751 1060 2836 qui
1072 2759 1152 2816 tunc
1201 2756 1290 2811 aesta
1312 2751 1455 2822 conscilia,
1471 2753 1595 2812 etiamsi
1614 2759 1687 2812 tamt
1707 2751 1864 2832 ‹Hffiuilim
1879 2758 1952 2813 sant
1969 2749 2184 2831 postferenda

167 2835 398 2903 Macedoniam
420 2836 572 2916 tenebat,
594 2836 775 2923 postulavit
796 2856 870 2902 eum
892 2837 955 2902 sibi
979 2836 1065 2902 dedi.
1108 2834 1152 2902 Et
1201 2835 1393 2914 atilionem
1416 2837 1506 2902 addit
1528 2838 1558 2901 ei
1579 2835 1803 2922 pulcherrima
1825 2849 2031 2902 ornamenta.
2058 2837 2184 2902 Nostra

166 2920 339 2989 Demades
361 2923 468 2987 suasit
488 2920 607 2990 melius
630 2943 708 2990 esse
729 2922 989 2989 Demosthenem
1013 2926 1043 2991 ei
1065 2926 1150 3007 dari,
1202 2923 1320 2988 civitas
1338 2942 1408 2988 sem
1434 2943 1471 2989 er
1492 2924 1703 2989 honestatem
1725 2922 1881 3010 praetulit
1902 2923 2051 3003 utilitati,
2083 2934 2118 2989 nt
2140 2922 2184 2987 ci·

166 3027 268 3096 qnam
290 3009 432 3095 experiri
454 3005 640 3087 bellunum
662 3011 741 3076 dieit
763 3010 868 3076 fuisse
892 3009 1066 3078 consiliam
1083 3011 1150 3079 De·
1202 3029 1262 3074 ves
1284 3013 1389 3075 nostri
1407 2946 1571 3095 llapidihns
1594 3009 2111 3097 obrueruntCirsylum,tlatrtem
2130 3009 2182 3074 in·

166 3093 351 3162 mosthenis
373 3096 406 3160 in
429 3095 543 3181 specie
565 3099 700 3172 bonurn,
724 3094 846 3180 ὀνόματι
866 3095 975 3178 καλὸν,
1004 3119 1072 3164 non
1100 3120 1148 3166 re.
1201 3093 1376 3162 honesturn
1400 3095 1592 3175 consilium3
1615 3109 1648 3162 et
1670 3095 1825 3163 mulieres
1850 3099 1981 3163 Atticae
2004 3097 2077 3164 eius
2099 3115 2184 3161 uxo·

168 3178 419 3247 Demosthenes
436 3182 480 3244 ist
501 3185 552 3242 eia
573 3183 742 3266 emrttliper
762 3203 1009 3266 stanpensem,
1036 3207 1149 3271 quam·
1201 3202 1270 3247 rent
1291 3194 1508 3249 necaverunt.
1553 3183 1621 3252 Sed
1643 3196 1716 3250 erat
1738 3182 1827 3250 aliud
1850 3194 1991 3269 tempus,
2009 3194 2104 3249 erant
2127 3179 2182 3249 alii

168 3289 267 3353 qnam
289 3264 465 3336 excellenti
488 3267 678 3355 eloquentia
712 3272 892 3355 praeditus.
944 3271 1028 3338 Cum
1056 3284 1149 3339 esset
1201 3270 1274 3348 viri,
1297 3271 1576 3354 qntdtntcabant
1599 3292 1673 3338 cum
1684 3269 1810 3349 Xerxe,
1831 3291 1931 3359 qnam
1954 3267 2182 3354 temporeve

168 3354 300 3418 deditus
322 3356 515 3439 Antipatro,
542 3358 584 3420 ah
607 3354 868 3421 Atheniensibus
890 3359 980 3423 venit
997 3379 1083 3423 unns
1105 3381 1149 3426 ex
1200 3354 1394 3421 mosthenis.
1439 3355 1515 3421 Non
1538 3359 1700 3423 debemus
1722 3359 1898 3424 considere
1929 3369 2045 3423 nestra
2066 3368 2182 3443 poten·

167 3439 327 3504 ministris
337 3437 513 3525 Antipatri,
538 3443 595 3527 qui
615 3443 906 3523 euunndduceret,
921 3447 981 3510 sed
1005 3465 1047 3510 ex
1070 3458 1148 3512 tern-
1199 3441 1254 3515 tia,
1274 3439 1465 3508 fortitudine
1488 3455 1521 3508 et
1543 3445 1672 3530 peritia.

163 3522 237 3676 plo,
260 3526 292 3591 in
300 3526 405 3676 'lquod
428 3523 637 3613 confugerat,
651 3547 717 3677 nque
739 3542 919 3679 assuefest
942 3544 1147 3680 eumlaxtra·

188 3631 256 3676 ere.
328 3623 408 3677 anta
430 3615 617 3679 reverentia
639 3625 738 3678 etam
761 3624 841 3681 tune
867 3618 913 3681 uit
935 3628 998 3681 tem
1035 3618 1076 3682 is.
1098 3616 1146 3684 lhi
1582 3639 1591 3657 ·
2091 3640 2101 3660 ·

163 3699 197 3762 in
219 3697 299 3764 fano
321 3695 569 3765 Demosthenes
590 3698 702 3768 hausit
725 3720 905 3780 renonum,
934 3640 1024 3787 quel
1047 3704 1145 3770 habe
1230 3637 1343 3741 Quot
1372 3653 1469 3724 sunt
1498 3668 1593 3724 anm
1624 3670 1649 3724 a
1678 3654 1811 3725 morte
1833 3641 2150 3727 Demosthemfl?

163 3785 222 3849 hat
242 3785 276 3849 in
300 3780 449 3864 calamo,
476 3798 510 3851 et
538 3787 590 3853 sio
615 3796 765 3853 mortuus
787 3799 850 3852 est.
893 3785 953 3855 llis
975 3788 1145 3857 excellens
1284 3787 1370 3855 Sunt
1400 3787 1485 3855 1880
1515 3786 1659 3867 (seilicet
1691 3789 1759 3856 hoa
1790 3810 1880 3857 anno
1915 3788 2026 3869 1555.)
2060 3790 2137 3876 quia
2158 3811 2181 3858 a

166 3869 343 3958 sapientia,
367 3869 571 3957 eloquentia,
592 3885 626 3939 et
643 3873 695 3940 vis
728 3874 851 3962 ingenii
863 3920 874 3954 ,
908 3896 993 3962 quae
1026 3898 1146 3945 revera
1197 3883 1305 3940 morta
1329 3872 1511 3941 Alexandri
1532 3874 1645 3963 hlagni
1673 3877 1844 3964 usquead
1866 3889 1976 3944 natum
1999 3877 2181 3958 Christum,

164 3970 237 4043 erat
255 3959 375 4045 ingens
398 3958 521 4024 donum
541 3955 630 4040 Del,
664 3970 862 4046 consumpta
895 3974 949 4026 est
981 3964 1014 4029 in
1044 3967 1145 4030 rebus
1198 3974 1276 4026 sunt
1297 3959 1518 4042 discutiet
1540 3964 1691 4050 sequenti
1713 3983 1802 4028 anno
1824 3978 2064 4051 postmortem
2078 3961 2183 4032 Alex·

163 4042 332 4110 inutilibus
365 4055 398 4107 et
431 4045 580 4111 exitiosis
614 4046 756 4130 patriast
790 4046 863 4114 lloe
886 4049 1147 4131 considerantes,
1197 4048 1292 4113 andri
1316 4047 1562 4116 Demosthenes
1581 4060 1633 4114 est
1654 4061 1817 4115 mortuus.

163 4142 315 4215 petamus
337 4131 531 4199 ardentibus
555 4133 658 4213 rotis,
678 4143 715 4200 ut
736 4132 830 4200 Dens
853 4153 918 4223 nos
941 4133 1041 4204 faciat
1062 4158 1146 4204 vasa
1170 4165 1174 4175 ·
1283 4130 1426 4200 Demadi
1455 4136 1543 4201 idem
1573 4137 1728 4224 conligite
1751 4138 1830 4222 quia
1852 4133 2065 4218 Cassander,
2091 4134 2179 4205 filius

163 4216 422 4297 misericordiae,
444 4229 477 4283 et
498 4239 565 4284 non
583 4220 669 4285 sinat
692 4239 757 4285 nos
778 4219 850 4287 fieri
873 4242 959 4288 vasa
979 4224 1059 4289 irae.
1196 4218 1373 4306 Antipatri,
1396 4220 1578 4306 postulavit
1599 4242 1673 4288 eum
1694 4222 1759 4287 sihi
1779 4223 1861 4304 dari,
1872 4235 1906 4289 et
1916 4220 2081 4290 interiecit
2092 4225 2179 4292 dnos

722 4320 725 4325 ·
1197 4303 1286 4371 tilios
1319 4305 1479 4374 Demadis
1502 4313 1536 4374 in
1570 4319 1755 4395 conspectu
1776 4311 1897 4394 patris:
1927 4312 2048 4377 deinde
2070 4314 2180 4396 ipsum

327 4412 413 4498 ³⁷⁸⁸
443 4413 740 4508 m³⁸014⁰⁰rffi⁸0
767 4417 871 4527 qna
901 4418 991 4503 ei?
1196 4391 1957 4568 itttltlttttttf·institituit
1982 4398 2181 4551 illimn'lf

251 4559 300 4625 Dr
325 4580 425 4628 anum
454 4582 516 4629 seu
544 4563 799 4631 instrumentum
823 4568 968 4654 gratiae,
995 4570 1047 4634 aia
1066 4589 1144 4652 qaa-
1196 4578 1251 4631 tns
1274 4566 1325 4630 vir
1347 4581 1438 4631 esset
1460 4565 1718 4650 Demosthenes,
1737 4570 1926 4655 respondit:
1981 4531 2068 4633 orl
2145 4572 2179 4638 ⁸.

163 4581 410 4729 asseclam,
433 4647 578 4747 &turcl
601 4649 678 4713 Gott
699 4649 763 4714 tici
779 4660 870 4735 putes
886 4652 1032 4735 aceretae,
1058 4664 1145 4720 emta
1199 4650 1252 4715 Dc
1264 4650 1415 4719 Demade
1436 4655 1679 4742 interrogatus,
1700 4658 1888 4742 respondit:
1906 4656 2015 4720 Maior
2035 4657 2177 4721 Athenis.

164 4731 243 4795 Gott
265 4736 363 4794 eirena
383 4735 489 4815 quade
510 4736 590 4820 pilli,
609 4737 687 4799 dass
702 4741 753 4800 ein
776 4739 1146 4822 musalmiticam
1196 4738 1274 4804 Non
1296 4750 1409 4804 extant
1431 4738 1533 4806 multa
1555 4742 1682 4827 scripta
1706 4742 1883 4823 Demadis,
1906 4745 1968 4809 sed
1991 4743 2180 4832 fragmenta

162 4818 224 4881 ihm
246 4818 312 4882 mid
333 4820 454 4884 andem
473 4844 540 4888 zum
558 4823 660 4887 beaten
680 4825 831 4908 percidit.
876 4825 1000 4894 Paulus
1018 4842 1144 4897 estvas
1196 4826 1371 4913 quaedam,
1393 4839 1427 4891 et
1450 4827 1557 4908 dicta,
1579 4824 1586 4835 '
1611 4849 1672 4893 nae
1694 4839 1773 4893 sunt
1793 4830 1949 4917 insignia.
1993 4829 2078 4897 Cum
2100 4842 2179 4918 posi

162 4905 421 4974 misericordiae.
464 4908 592 4976 Noster
634 4923 728 5007 astar
745 4924 797 4979 est
808 4934 871 4979 vas
883 4916 1142 4997 inhericordiae,
1196 4925 1335 4978 mortctn
1349 4908 1528 4980 Alexandri
1540 4849 1632 4980 multi
1644 4924 1829 4982 metuerent
1838 4916 1951 4983 futura
1968 4938 2057 4983 nova
2077 4912 2187 4999 hellel,

162 4992 196 5058 id
218 5005 282 5074 est,
303 4990 382 5058 talla
400 4994 462 5075 rlr,
502 4998 535 5062 ui
557 4933 660 5063 multa
683 5001 772 5065 bona
799 4999 900 5080 lecit,
936 4998 1059 5070 multas
1080 5002 1144 5071 Ec·
1196 4996 1366 5064 Demades
1399 4999 1480 5065 dixit
1511 5022 1580 5067 non
1613 5021 1692 5073 osso
1725 5004 1936 5068 metuendum
1968 5002 2111 5071 Athenis
2143 5016 2179 5075 et

162 5073 287 5147 clcsias
309 5078 437 5146 erudiit
479 5016 652 5171 lunctpes
671 5083 862 5169 Senoniae,
918 5087 950 5153 ul
983 5091 1144 5176 praehue·
1196 5082 1376 5153 Graeciae:
1398 5088 1476 5173 qnia
1497 5099 1628 5154 mortno
1650 5087 1860 5161 Alexandro,
1889 5092 2071 5159 exercitum
2102 5093 2178 5159 elna

160 5177 239 5239 ruat
259 5162 371 5234 locum
403 5179 439 5235 et
463 5166 641 5259 hospitium
662 5168 860 5255 Ecclesiae,
928 5188 1027 5245 eram
1060 5196 1145 5245 vasa
1194 5166 1336 5239 similem
1357 5193 1436 5241 esse
1457 5170 1610 5264 Cyclopl,
1641 5174 1767 5245 dossa
1800 5171 1916 5244 oculos
1938 5176 1973 5243 ld
2004 5187 2080 5259 est,
2112 5178 2178 5265 ipsi
