4620 5588
132 217 195 282 ul

131 399 301 474 amotum.
349 407 410 471 Sic
432 409 466 470 in
488 410 588 471 rebus
613 407 776 470 secandis
799 404 949 472 lrormnes
972 405 1114 491 plerum·

156 515 197 558 oe
220 493 302 557 hunt
329 491 589 579 negligentiores
622 503 657 555 et
688 494 889 557 securiores.
945 493 1037 581 Ergo
1070 495 1114 558 ab

131 515 191 644 llla
220 581 452 645 inorattmttine
481 597 678 644 revocem
707 599 771 642 nos
796 580 840 642 ad
868 581 1115 663 poenitentiam,

132 678 167 733 et
184 631 399 816 ‹lelphtremus
421 664 512 731 illam
534 679 682 729 nostram
703 666 983 752 ingratitudinem.

254 755 361 818 ebatis
385 773 446 818 ros
469 749 686 817 assuefacere
709 754 744 816 ia
764 754 961 838 quotidiana
978 754 1115 820 invoca·

132 840 236 916 tione,
253 853 296 909 ut
313 861 379 903 non
403 850 528 904 tantuna
545 841 667 923 petatis
682 840 771 903 bona
787 859 812 902 a
828 836 914 912 Deo,
937 842 998 904 sed
1015 841 1114 905 etiam

133 927 265 992 bddatis
296 927 478 1012 gratiarum
512 927 689 989 actionem.
751 925 875 990 Postea
908 927 1005 991 etiarn
1035 946 1114 991 vera

132 1012 234 1078 debet
256 1032 333 1077 esso
362 1018 540 1097 gratiarum
570 1011 676 1090 actio:
710 1013 870 1077 debemus
897 1033 975 1078 esse
1002 1014 1114 1078 mode·

132 1100 273 1178 stiores,
302 1111 336 1163 et
355 1119 421 1166 nos
448 1117 570 1184 regere
591 1095 781 1185 diligentius
809 1111 944 1183 propter
973 1095 1114 1185 gloriam

132 1183 209 1263 laet,
231 1197 264 1250 ct
282 1197 322 1250 ut
342 1185 486 1251 vitentur
509 1184 684 1250 scandula.
733 1184 818 1250 item
842 1187 1005 1251 debemus
1035 1206 1114 1252 esse

130 1273 238 1358 parati
261 1272 303 1337 ad
326 1268 544 1338 tolerantiam.

337 1547 341 1555 ’
381 1598 445 1667 aa
466 1597 575 1666 anm
595 1544 868 1671 masona.

339 1789 420 1854 aad
446 1807 511 1873 per
536 1793 675 1855 utedtom
710 1787 907 1857 Sororium.
1059 1872 1063 1881 .

1054 1892 1062 1932 l

46 1954 51 1960 ’
140 1978 144 1983 ’
219 1962 298 2027 Ih'es
320 1968 364 2026 m
382 1964 442 2026 der
462 1966 557 2026 letata
576 1980 638 2042 aare
657 1970 788 2042 penest,
811 1975 888 2027 ante
911 1962 1114 2044 passionem,

131 2053 194 2116 den
219 2050 369 2114 Gloriatur
397 2051 516 2128 oothon
537 2051 608 2128 bot,
641 2048 675 2111 ln
705 2069 770 2133 qua
792 2047 998 2134 profectione
1018 2066 1113 2130 prae-

132 2134 254 2200 dicavit
274 2147 308 2198 et
331 2136 443 2199 docuit
464 2135 586 2219 ubique
605 2133 776 2214 Christus,
808 2148 841 2198 et
875 2130 1015 2218 singulis
1041 2132 1114 2196 sore

131 2218 1114 2393 bittit?'ltttiltitttlatltttt.t.t¹.⁰t.t“³'¹¹

217 2398 281 2477 lte,
296 2393 457 2459 ostendite
479 2413 534 2458 ooo
550 2396 791 2473 secerdotium]
826 2394 900 2458 Fuit
918 2393 1116 2457 demandata

133 2480 323 2544 diiudica‘io
358 2481 549 2543 morborum
583 2479 815 2543 sacerdotibra
849 2481 882 2543 in
911 2475 1034 2563 populo
1065 2476 1116 2543 lu·

133 2567 242 2645 daleo,
264 2562 437 2644 videlicet,
470 2575 505 2629 ut
538 2576 655 2630 essent
675 2564 798 2631 Medici
819 2578 864 2631 ,et
893 2566 1034 2631 studiosi
1057 2566 1114 2628 do·

132 2652 259 2718 atinae
280 2650 458 2739 Pirysioue.
510 2649 714 2716 Sacerdotes
736 2653 773 2717 in
799 2649 927 2737 populo
956 2649 1020 2715 Dei
1046 2670 1115 2715 non

131 2734 267 2805 inerunt
287 2736 441 2802 hominos
458 2736 586 2815 stolidi,
615 2739 731 2817 rudes,
753 2739 895 2819 indocti,
923 2738 984 2803 sed
1006 2733 1116 2803 excel·

131 2822 241 2891 lentes
262 2822 428 2912 Theologi
460 2833 495 2890 et
526 2822 661 2890 Medici.
711 2822 913 2891 ‘Debuer‘unt
947 2844 1025 2890 esse
1050 2826 1117 2908 pri·

131 2933 222 2978 mum
242 2913 403 2977 doctores
435 2911 532 2976 vocis
566 2912 716 2991 divinae,
749 2922 784 2978 et
808 2912 1006 2978 concionum
1032 2910 1116 2976 Pro·

153 2995 348 3082 heticarum‚
371 2995 491 3063 deinde
512 2999 556 3063 ad
583 2996 670 3064 hanc
690 2999 877 3064 doctrinam
899 3000 1116 3065 adiunxerant

131 3019 401 3170 lhiiosophiam
432 3085 561 3164 idest,
591 3086 817 3173 cognitionem
839 3086 920 3152 artis
952 3083 1117 3165 Medione,

131 3191 220 3258 quae
238 3169 302 3237 luit
324 3168 496 3237 excellens
510 3173 546 3237 ln
561 3171 633 3237 isto
652 3169 791 3260 populo.
824 3170 995 3238 lliaterra
1013 3168 1118 3245 maha

130 3258 534 3344 pretiosissimaremediu
549 3256 639 3340 tulit,
657 3281 742 3352 prae
755 3261 907 3325 omnibus
925 3255 1013 3338 aliis,
1034 3279 1117 3355 quo·

131 3360 205 3413 ruta
226 3347 428 3433 praecipuus
449 3365 536 3414 osas
557 3343 618 3414 tuit
633 3348 671 3412 in
691 3347 982 3413 medicationibus.

327 3679 441 3785 Quid
476 3680 680 3790 significat
709 3680 920 3769 Patmulat

817 215 1036 285 rosacea
1064 212 1482 284 namucnoatana-

2082 208 2153 316 ,ω

1166 406 1252 486 Sibe,
1273 406 1335 469 dos
1351 405 1396 469 da
1407 424 1476 470 aar
1492 406 1546 470 ein
1560 414 1721 491 quaestor
1743 403 1821 483 (blo
1837 401 2040 485 Canonicns,
2062 408 2152 474 sicat

1166 493 1265 556 hodie
1288 492 1442 565 diciums)
1464 497 1558 574 setst,
1591 489 1673 555 nihil
1695 492 1822 557 interim
1840 489 1959 570 uelem,
1993 493 2066 558 sive
2086 496 2166 579 pro·

1166 579 1274 656 asino,
1303 597 1407 662 porco
1434 591 1491 641 cut
1512 597 1575 642 sue
1602 575 1772 642 habearis.
1812 576 1853 641 ln
1875 576 1971 642 Actis
1993 577 2183 665 apostol..

1165 667 1283 739 stehet,
1313 661 1437 728 multos
1458 683 1501 728 ex
1523 665 1757 734 sacerdotibus
1790 684 1977 731 conversos
2006 685 2084 731 esse
2105 664 2151 733 ad
2221 680 2229 700 ⁸

1166 751 1366 843 agnitionem
1387 748 1524 817 Ohristi.
1779 796 1781 800 ψ

1253 834 1515 921 Etiempropter
1541 835 1656 925 legem·
1671 836 1851 923 oportebat
1872 857 1932 903 eos
1951 839 2039 904 scire
2060 857 2151 909 men·

1166 923 1251 987 sium
1273 934 1306 987 et
1325 926 1406 986 anni
1429 925 1721 1010 computationemr
1747 924 1791 986 ad
1813 941 1915 1008 quam
1937 944 2006 990 rem
2028 938 2152 1011 magua'

1166 1009 1344 1094 requiritur
1373 1011 1519 1094 cognitio
1548 1022 1697 1075 motuum
1731 1006 1938 1074 coelestium.
1990 1007 2151 1078 Mandata
2188 1090 2189 1093 Ἴ

1166 1096 1266 1181 igitur
1289 1094 1355 1160 suit
1381 1096 1571 1162 diiudicatio
1591 1097 1795 1161 morborum
1828 1097 2079 1177 sacerdotibus,
2114 1106 2152 1164 ut

1166 1193 1426 1268 segregarentur
1449 1184 1635 1270 contagiosi
1655 1203 1679 1247 a
1700 1180 1829 1277 reliquo
1851 1183 2017 1249 hominurn
2039 1194 2152 1264 coetu,

1166 1288 1209 1333 ao
1238 1269 1452 1334 inficerentur
1478 1267 1545 1337 alii.
1600 1269 1685 1334 Nam
1719 1280 1792 1334 tota
1823 1266 1877 1334 lex
1905 1280 1957 1334 est
1985 1271 2028 1333 ad
2057 1291 2151 1335 mun·

1167 1354 1278 1418 ditiem
1312 1365 1345 1419 et
1378 1353 1578 1442 elegantiam
1612 1356 1783 1434 ordinata,
1814 1357 1893 1422 aad
1924 1358 2016 1422 nicae
2044 1358 2152 1427 rolclw
2184 1379 2186 1382 ·

1165 1447 1299 1525 uasteter
1328 1460 1494 1526 ymocsen,
1526 1455 1562 1507 ut
1596 1462 1685 1507 nnnc
1716 1441 1840 1506 induci.
1891 1439 2063 1508 Abraham
2089 1440 2153 1519 fuit

1166 1527 1239 1591 siae
1261 1528 1363 1592 dubio
1384 1528 1537 1594 Medicus
1569 1525 1792 1613 professione,
1824 1539 1860 1593 ct
1892 1529 1943 1593 sic
1963 1550 2025 1616 per
2046 1540 2151 1596 artem

1090 1670 1093 1675 .
1166 1614 1328 1679 ntedieam
1363 1617 1522 1699 pervenit
1552 1616 1596 1685 ad
1628 1613 1806 1682 multorum
1840 1634 1958 1703 rogum
1988 1616 2149 1693 notitiam.

1165 1698 1223 1764 Sic
1268 1699 1388 1766 Esaias
1431 1699 1495 1766 fult
1535 1699 1625 1787 apud
1668 1699 1846 1767 Ezechiam
1894 1698 2010 1785 profes
2054 1702 2152 1779 sione

1164 1786 1322 1852 medicus.
2140 1794 2143 1799 ’

1250 1858 1361 1957 Lepre
1391 1885 1500 1938 autem
1533 1883 1586 1937 est
1608 1874 1758 1951 arrosio,
1791 1893 1879 1958 quae
1912 1872 1948 1937 fir
1976 1895 1997 1938 a
2024 1870 2149 1939 bilioso

1166 1971 1199 2022 et
1219 1961 1366 2045 pessimo
1390 1959 1547 2037 hutnore,
1582 1979 1623 2022 ex
1653 1972 1731 2024 usta
1760 1956 2002 2038 melancholia,
2032 1958 2151 2025 diffusa

1165 2064 1225 2129 per
1247 2055 1351 2110 toturn
1375 2067 1517 2132 corpus3
1538 2066 1624 2148 quae
1646 2066 1713 2111 non
1730 2042 1839 2110 solum
1862 2046 1992 2111 sauciat
2007 2057 2041 2110 et
2058 2065 2150 2111 arro·

1166 2133 1223 2211 dit,
1241 2133 1303 2197 sed
1326 2133 1424 2196 etium
1447 2132 1639 2218 putrelacit:
1667 2135 1714 2198 Es
1732 2137 1816 2215 frt'rt
1834 2133 1969 2215 ttamen,
1996 2134 2075 2200 dosa
2097 2133 2151 2199 die

1165 2223 1259 2285 rtuelr
1280 2221 1382 2283 dultia
1401 2221 1525 2302 fallen:
1554 2215 1748 2304 plerumque
1775 2230 1828 2282 est
1849 2238 1958 2303 poena
1986 2216 2149 2283 libidinisr

1167 2307 1255 2370 sicut
1281 2301 1381 2368 hodio
1414 2305 1502 2369 inter
1524 2304 1712 2369 Germanos
1745 2304 1818 2368 sine
1846 2305 1946 2372 dubio
1975 2317 2151 2391 grassator

1167 2393 1304 2456 morbus
1328 2388 1491 2471 Gallicus,
1512 2404 1650 2476 propter
1671 2390 1837 2456 libidines.
1893 2387 1990 2455 hiulti
2012 2392 2057 2461 ibi
2079 2387 2150 2457 fue·

1166 2490 1243 2542 runt
1264 2474 1402 2564 leprosi,
1425 2479 1501 2563 quia
1524 2474 1656 2542 fuorunt
1678 2477 1723 2541 ibi
1746 2477 1821 2542 vina
1843 2474 1954 2562 plena,
1976 2480 2054 2544 atad
2068 2475 2152 2543 oxon

1166 2563 1318 2629 homines
1340 2560 1518 2648 voluptarii
1537 2583 1696 2646 pomeran-
2205 2617 2208 2621 .

1251 2649 1334 2715 lude
1357 2669 1439 2714 roro
1466 2651 1653 2728 discamus,
1686 2649 1776 2736 quod
1808 2646 1904 2714 Deua
1938 2668 2005 2715 non
2041 2645 2150 2725 solum

1168 2733 1270 2817 totta,
1299 2756 1386 2889 guae
1407 2737 1505 2802 nobis
1533 2736 1605 2802 sine
1633 2748 1751 2801 nostra
1785 2733 1884 2830 culpa
1912 2735 2085 2816 accidunt,
2115 2735 2152 2801 td
2225 2810 2228 2815 ¹

1168 2834 1232 2903 est,
1254 2825 1288 2890 in
1322 2824 1397 2902 stis,
1414 2823 1470 2890 ubi
1491 2826 1614 2890 bonam
1631 2820 1793 2889 habemns
1817 2823 2070 2889 conscientiam:
2089 2818 2152 2889 sod

1167 2911 1267 2977 etiam
1286 2911 1322 2976 in
1343 2907 1410 2975 illis
1425 2910 1519 2977 Deus
1540 2911 1645 2991 iurat,
1666 2910 1724 2977 ubi
1745 2909 1950 2976 conscientia
1971 2919 2023 2974 est
2044 2907 2152 2991 laesa,

1168 2998 1296 3078 saucia,
1318 3008 1352 3063 et
1373 3017 1450 3075 rea3
1476 2999 1540 3064 sed
1567 3016 1632 3062 nos
1659 2993 1764 3062 multo
1786 2996 1932 3062 timidius
1960 2992 2152 3063 accedimns

1168 3086 1211 3151 ad
1233 3083 1353 3165 Deum,
1382 3096 1527 3151 comest
1550 3084 1757 3159 conscientia
1786 3084 1902 3150 saucia
1909 3129 1920 3164 ,
1954 3105 2054 3173 quam
2076 3103 2152 3151 cura

1169 3181 1222 3238 est
1259 3174 1347 3236 bona
1379 3170 1592 3238 conscientia.
1654 3170 1741 3236 Nam
1779 3181 1859 3236 tunc
1888 3190 1956 3236 non
1988 3171 2152 3249 autiernus

1168 3268 1295 3344 petora,
1316 3269 1374 3325 aut
1396 3269 1487 3324 certe
1508 3258 1732 3343 trepidamus,
1765 3277 1808 3331 ao
1840 3257 1986 3324 timidius
2006 3258 2158 3353 patimua

1168 3342 1341 3414 auxilium:
1360 3345 1431 3410 ‘imo
1454 3346 1551 3410 etiam
1570 3342 1716 3432 fugimus
1736 3342 1856 3410 Deum.

1255 3431 1324 3496 Sed
1345 3429 1402 3496 hic
1420 3432 1519 3497 etlam
1545 3433 1690 3497 tenenda
1714 3442 1767 3497 est
1794 3426 1911 3516 regula
1939 3430 1981 3495 (le
2012 3450 2151 3497 conver·

1169 3519 1283 3595 sione,
1317 3529 1350 3583 et
1370 3519 1544 3583 sciendum
1574 3529 1645 3596 ost,
1678 3538 1746 3582 nun
1767 3518 1891 3582 irritam
1923 3536 2002 3582 esse
2034 3536 2150 3602 preca·

1169 3605 1305 3669 tionem:
1327 3601 1483 3670 Ghriatus
1496 3604 1568 3668 sino
1581 3601 1846 3688 prosopolepsia,
1866 3601 1920 3692 vel
1931 3624 2151 3689 personarum

1169 3703 1336 3778 respectu,
1358 3712 1476 3756 omnes
1494 3692 1664 3758 venientes
1687 3691 1729 3755 od
1752 3711 1808 3768 se,
1836 3701 1869 3755 et
1890 3700 2041 3775 petentes
2063 3689 2151 3757 auxl-

1168 3775 1246 3842 liunr
1269 3777 1397 3862 recipit,
1419 3780 1462 3844 (la
1480 3781 1586 3859 peden
1606 3781 1697 3844 diere
1712 3779 1813 3843 aeden
1834 3776 1954 3843 dotat
1975 3787 2053 3841 sunt
2075 3796 2158 3885 pro-3

151 3882 157 3905 ⁴
216 3859 348 3941 Pakora,
370 3865 617 3944 moerorum
633 3860 783 3949 palmula
799 3860 1007 3928 estimatus.
1036 3861 1116 3933 rat·
1168 3865 1306 3942 misene,
1328 3865 1526 3930 Samaritani
1550 3876 1584 3929 et
1613 3864 1744 3942 ludaei,
1776 3874 1813 3928 at
1841 3865 1914 3948 ipso
1949 3874 2059 3928 tamen
2090 3882 2149 3930 eos

133 3947 221 4013 mula
244 3948 329 4015 belot
348 3952 457 4030 dotted,
474 3968 498 4013 -a
516 3947 732 4015 similitudine
755 3951 858 4035 digiti.
898 3954 970 4016 Dur
991 3957 1035 4016 iet
1052 3966 1118 4031 por·
1168 3963 1272 4031 curat,
1296 3963 1327 4014 et
1351 3952 1556 4016 Samaritano
1585 3950 1805 4015 testimonium
1830 3950 1902 4028 dat,
1936 3950 2149 4043 quodmem·

133 4036 187 4100 em
208 4039 448 4117 lectitandum.
493 4035 686 4101 Atlrenaeos
711 4037 810 4115 dicit,
836 4036 976 4122 proponi
1005 4038 1115 4100 serris
1168 4039 1262 4102 brom
1285 4037 1328 4100 sit
1350 4034 1536 4103 Eerelesine.
1580 4036 1639 4101 Sic
1666 4038 1767 4101 scire.
1784 4037 1961 4117 debenms,
1995 4036 2085 4123 quod
2106 4035 2159 4117 sit¹

133 4139 218 4198 eam,
242 4141 327 4207 quate
348 4123 390 4187 ad
417 4142 479 4186 nos
499 4120 622 4187 lertnr:
650 4125 711 4186 sed
736 4142 821 4210 quae
841 4124 1023 4208 apponitur
1044 4122 1115 4187 Do·
1169 4123 1324 4187 vomam
1347 4122 1423 4202 Dei,
1447 4135 1484 4189 ut
1506 4142 1623 4188 omnes
1646 4135 1881 4189 convertamur
1902 4123 1945 4186 ad
1968 4144 2055 4206 curn,
2084 4143 2150 4197 nec

132 4208 241 4286 mitris,
263 4216 308 4274 tat
327 4211 408 4274 noch
437 4213 500 4274 utet
526 4215 578 4274 ein
605 4213 779 4276 lrosmber
811 4211 899 4290 rttnp.
951 4201 1115 4274 Nicolaus
1168 4210 1355 4276 dubitemus
1380 4212 1458 4297 quin
1481 4211 1525 4274 sit
1548 4222 1758 4295 recepturus,
1782 4221 1816 4273 et
1838 4209 2054 4275 exauditurus
2076 4230 2149 4276 noa
2197 4235 2201 4244 ·

132 4289 387 4372 Damascenns,
418 4291 519 4358 homo
552 4297 806 4375 emditissimus‚
839 4295 990 4360 hlcdious
1024 4292 1116 4360 tamt·
1253 4294 1425 4362 Debemus
1448 4293 1525 4360 Deo
1546 4297 1692 4361 tribuere
1724 4293 1814 4361 hunc
1843 4295 2020 4379 honorem,
2044 4306 2082 4361 nt
2102 4297 2150 4363 in·

132 4376 230 4444 liaris·
253 4380 425 4469 Augusto,
460 4383 520 4447 bot.
548 4384 619 4449 dnn
653 4383 808 4469 Augusto
842 4384 893 4447 sin
921 4379 985 4447 ulis
1018 4383 1115 4446 annis
1168 4402 1326 4447 vocemus
1350 4403 1436 4461 eum,
1459 4395 1608 4466 potamus
1631 4385 1680 4450 ab¹
1697 4402 1739 4447 eo
1761 4379 1928 4448 auxilium.
1963 4382 2103 4449 Nonou
2139 4419 2150 4432 ·

132 4462 295 4549 morulas
314 4488 379 4551 pen
403 4467 484 4532 Rom
509 4470 684 4552 perchtolt.
739 4469 797 4533 Sic
820 4405 921 4534 bacol
945 4466 1021 4533 liliis
1044 4470 1115 4533 auis
1167 4480 1291 4533 temusr
1325 4468 1375 4532 'i'n
1398 4471 1527 4546 nescis,
1562 4489 1606 4533 an
1633 4471 1683 4534 sis
1711 4470 1743 4533 in
1774 4465 1929 4556 catalogo
1959 4467 2018 4533 illo
2041 4466 2089 4533 sat
2125 4471 2150 4538 i:

132 4550 333 4636 proiecturis
356 4553 604 4639 inaegyptum,
627 4555 683 4618 dat
704 4551 834 4620 fructus
847 4567 946 4619 natos
963 4557 994 4619 in
1012 4550 1115 4633 terra,
1168 4554 1235 4631 vel,
1252 4567 1289 4620 tu
1311 4573 1349 4618 es
1371 4567 1542 4640 peccatur,
1565 4567 1598 4618 et
1620 4555 1794 4642 indignus:
1824 4553 1905 4620 lllae
1928 4555 2150 4642 cogitationes
2272 4588 2276 4596 ·

131 4648 169 4703 ut
190 4639 279 4704 dono
301 4637 410 4705 terna
429 4638 582 4725 losepho.
626 4638 915 4706 'l'enditioneolei
938 4652 971 4705 et
994 4643 1059 4708 vini
1083 4653 1116 4706 et
1167 4639 1266 4726 plane
1288 4653 1366 4706 sont
1389 4638 1584 4707 evellendae
1606 4653 1640 4706 et
1657 4643 1761 4707 exstir
1785 4642 1892 4707 undae
1919 4663 1961 4709 ex
1983 4643 2149 4708 mentibus

132 4736 316 4791 aromatum
338 4727 545 4805 victitaruut,
580 4737 678 4791 etex
701 4747 740 4791 aa
762 4746 799 4791 re
844 4740 995 4794 caestum
1017 4747 1114 4793 suurn
1167 4728 1304 4806 nostris,
1327 4738 1360 4790 et
1372 4728 1570 4811 opponenda
1583 4728 1735 4794 doctrina
1752 4665 1794 4794 ‹le
1806 4729 2038 4807 conversione,
2062 4749 2150 4813 quae

132 4809 333 4878 habuerunt.
385 4810 476 4899 argo
508 4814 695 4898 cogitemus
727 4833 788 4876 eos
820 4749 929 4879 luisse
962 4814 1114 4879 homines
1167 4826 1220 4879 est
1241 4813 1452 4879 universalis.
1487 4812 1604 4881 Potius
1616 4816 1815 4903 cogitemus,
1836 4813 1945 4880 Deum
1958 4815 2149 4896 mandasse,

132 4892 233 4961 va'lde
251 4897 380 4977 ductos,
413 4911 447 4964 et
469 4919 623 4983 magnam
645 4899 828 4965 doctrinam
858 4899 966 4965 fuisso
994 4902 1028 4965 in
1056 4896 1115 4965 illo
1166 4911 1203 4966 ut
1226 4912 1472 4978 convertamur,
1505 4912 1538 4966 et
1560 4900 1649 4987 quod
1673 4903 1729 4987 qui
1759 4923 1825 4966 non
1854 4898 1935 4966 facit
1955 4899 2037 4982 hoo,
2070 4922 2148 4968 oon·

131 4980 267 5066 populo.
307 4988 369 5051 -Er
396 4987 442 5052 bt
469 4989 559 5052 nicar
578 4991 648 5053 also
678 5005 860 5069 mortuom:
890 4988 982 5053 Sicut
1014 4985 1115 5051 hodie
1166 4985 1300 5052 turnella
1332 4983 1462 5054 asticiat
1483 4983 1610 5068 veum,
1644 4989 1741 5074 quasi
1773 4978 1841 5054 non
1871 4989 1915 5052 sit
1937 4985 2094 5056 Salvator
2116 5000 2161 5056 et·
2203 5061 2206 5064 ,

131 5065 206 5133 fieri
226 5070 375 5136 videmus
398 5073 440 5135 de
462 5074 581 5137 ordine
603 5069 814 5138 sacerdotali.
866 5070 1113 5158 Aristophanes
1165 5070 1346 5157 opitulator
1368 5073 1529 5147 omnium,
1563 5074 1621 5158 qui
1653 5075 1697 5142 ad
1725 5095 1800 5140 eum
1831 5070 1932 5140 consu
1958 5076 2038 5141 iunt.
2083 5075 2156 5158 Qui,

131 5154 248 5243 lnquit,
271 5156 487 5239 ἔπωταμὶας,
509 5156 546 5224 roi
567 5156 853 5247 cataracten
875 5159 970 5224 aion
992 5159 1027 5225 id
1049 5170 1113 5237 est,
1165 5156 1273 5226 Deum
1294 5179 1361 5225 non
1375 5160 1536 5241 iumen,
1568 5161 1601 5226 is
1622 5179 1661 5229 re
1692 5161 1768 5247 ipsa
1802 5175 1903 5249 negat
1934 5096 2043 5228 lleum
2071 5164 2160 5229 esso'
