4620 5588
173 196 238 267 rm
865 192 1085 264 rourum
1105 194 1505 279 umumuomma
1742 244 1744 247 -
2121 194 2191 271 'ue
2227 290 2230 294 ,

171 399 239 454 tam
262 384 459 474 collapsam.
514 386 616 454 Pater
636 404 741 452 senex
768 387 936 474 equitabat
969 384 1003 451 in
1031 384 1173 452 bacuio
1290 389 1364 456 iata·
1379 403 1487 457 mater
1504 388 1604 456 habet
1626 391 1795 478 ingentem
1817 388 1965 456 dolorem
1977 437 1989 471 ,
2021 402 2056 457 ct
2081 389 2187 458 Filias

173 495 248 541 cum
270 473 351 556 iilio,
374 475 520 541 docebat
540 472 678 540 filiolum
700 473 850 560 equitare
871 474 905 538 in
928 470 1060 540 bacuio.
1093 470 1153 539 ille
1205 473 1269 541 Dei
1301 488 1453 543 movetur
1486 478 1709 565 magnitudine
1742 469 1869 543 doloris
1897 478 1931 543 in
1953 479 2067 544 matre.
2116 477 2189 544 Wie
2217 522 2230 530 --

170 562 272 647 igitur
294 582 369 628 cum
401 559 513 626 subito
545 561 775 639 interveniret,
809 561 935 638 Quaeso
967 571 1018 639 te,
1050 560 1153 646 inquit
1205 562 1264 629 cler
1290 561 1734 647 testamenmentum.

171 645 374 754 Agesilaus,
403 653 527 714 coartat
556 650 663 732 dicus,
695 649 797 714 donec
819 655 855 713 tu
876 653 974 713 ettam
999 649 1154 713 bubum
1507 688 1514 696 ι

170 737 276 815 fitaoa:
297 734 491 821 significans
514 730 608 799 iilum
630 731 796 813 affectum,
820 733 875 818 qui
895 743 948 799 cst
965 734 997 797 in
1014 746 1154 819 parente
1175 682 1180 849 t

171 817 734 973 iigiri¹¹iiial⁰¹iilil⁸sf⁰llill
747 815 846 971 iiii
861 819 1018 971 tii⁰⁸⁵⁰
1034 831 1180 1014 ⁹⁰⁵¹“1

259 990 332 1059 Vos
355 992 485 1059 debetis
500 993 714 1059 considerare
730 957 876 1059 amalr-em
911 1003 1062 1058 arentum
1073 1010 1155 1080 erga
1945 1039 1947 1043 .

171 1100 246 1160 vos,
268 1090 300 1145 et
322 1079 470 1145 vicissim
487 1099 565 1145 esse
587 1079 689 1166 grati:
710 1079 852 1145 Debetis
897 1076 1013 1166 digere
1033 1098 1153 1164 paren·
1291 1080 1504 1167 Respondeo.
1549 1080 1715 1166 Σπλᾶγχνα
1736 1092 1815 1149 sunt
1831 1083 2188 1149 omniacarneamem·

171 1179 235 1233 tes.
278 1165 351 1227 Due
377 1177 592 1251 praeceptum
614 1172 686 1249 rapt
706 1165 810 1228 eicite
837 1186 902 1232 vos
924 1177 1080 1251 parentes
1096 1165 1153 1230 de·
1176 1228 1179 1251 ,
1204 1169 1265 1233 bra
1287 1169 1456 1249 interiora,
1478 1167 1603 1256 pulmo,
1627 1189 1728 1256 epar,
1762 1190 1845 1249 cor,
1882 1189 2001 1249 renes,
2031 1179 2095 1234 etc.
2117 1186 2186 1234 noo

171 1254 257 1320 betis
285 1249 423 1339 diligere
450 1263 567 1319 natos:
597 1272 796 1341 quamquam
828 1253 895 1318 hoc
929 1253 1029 1317 etiam
1063 1271 1152 1318 com·
1175 1256 1179 1352 f
1202 1264 1328 1320 tantum
1350 1256 1515 1322 intestina.
1559 1255 1622 1321 Est
1642 1257 1778 1322 imitatio
1795 1255 1972 1327 Hebraico.
1994 1255 2049 1342 qui
2073 1255 2187 1322 dicunt

169 1338 402 1426 prehenditur,
420 1340 482 1404 sed
506 1338 598 1405 dicit:
643 1338 777 1401 Honora
803 1346 928 1420 patrem
953 1345 984 1403 et
1009 1344 1152 1412 mamona
1175 1372 1179 1407 ι
1204 1343 1315 1408 omnia
1335 1341 1492 1409 interiora
1514 1355 1680 1408 commota
1702 1362 1802 1422 esse,
1835 1343 1968 1429 quando
1997 1341 2189 1428 significant

171 1425 249 1511 quia
281 1424 316 1490 in
348 1425 544 1510 parentibus
576 1426 641 1490 iam
673 1435 725 1490 est
756 1426 820 1492 iste
853 1423 1005 1492 affectus.
1066 1423 1153 1490 Huic
1175 1410 1179 1465 ¹
1200 1427 1537 1517 magnumaffectum.
1572 1426 1740 1496 itahicde
1754 1429 1902 1509 Christo,
1926 1430 2029 1495 verbo
2055 1433 2186 1509 ἐσπλαγ-

170 1509 304 1577 affectui
336 1524 374 1577 tu
403 1512 507 1578 debes
581 1512 782 1578 atitudinem.
828 1511 863 1575 iu
899 1513 996 1577 bonis
1023 1511 1151 1577 natmts
1203 1514 1701 1602 ptodpsigniiicauuadectus,
1718 1537 1793 1582 cum
1815 1517 1940 1604 ingenti
1963 1526 1997 1580 ct
2017 1513 2190 1601 profunda

170 1599 278 1684 magis
302 1598 423 1664 eminet
444 1595 502 1663 iiie
523 1618 542 1663 a
569 1609 664 1664 ectus
686 1608 860 1683 parentum
882 1619 919 1663 er
943 1619 965 1664 a
986 1609 1097 1676 natos,
1119 1610 1153 1663 ct
1203 1602 1443 1670 misericordia.
1487 1600 1536 1667 ita
1556 1599 1647 1682 aiibi,
1666 1602 1800 1690 quando
1822 1603 2002 1668 resuscitat
2022 1614 2188 1680 mortuos,

170 1683 329 1749 vicissim·
375 1684 569 1750 Observare
591 1685 714 1750 dictum
725 1619 1033 1771 Epaminondam
1054 1684 1153 1749 etiam
1175 1680 1179 1762 i
1204 1700 1283 1755 sunt
1303 1690 1338 1755 in
1359 1709 1401 1755 eo
1423 1685 1611 1776 singulares
1634 1701 1668 1754 et
1690 1691 1802 1777 magni
1823 1700 1945 1755 motus.

170 1790 234 1837 vos
257 1771 394 1837 discatis
415 1771 536 1839 intueri
553 1771 675 1840 iudicia
697 1781 730 1837 at
750 1769 943 1838 voluntates
963 1783 1153 1838 vestrorum
1175 1784 1179 1825 ἐ

170 1869 356 1944 parentum,
372 1866 464 1924 etut
490 1854 600 1924 velitis
628 1858 677 1924 eis
701 1857 845 1945 placere.
888 1840 937 1925 hi
965 1857 1046 1924 dixit
1066 1855 1153 1944 Epa·
1178 1862 1184 1919 i

168 1943 362 2010 mtnonuas=
395 1943 438 2010 Se
458 1964 573 2027 capere
592 1943 674 2008 hunc
690 1947 857 2008 nummum
873 1947 1010 2026 fruetmn
1030 1963 1155 2006 sacrun
1177 1924 1181 2018 Ι
2146 2019 2155 2037 ι

170 2028 329 2113 latonae,
361 2024 631 2104 mandaturum,
660 2019 1681 2115 quodhoheretporeotesrpe·'Consolationes
1720 2023 1778 2106 in
1820 2035 2009 2106 morte
2049 2050 2186 2105 amr-

171 2124 309 2182 ctcicres
338 2139 415 2182 suae
445 2120 592 2190 uirtutis,
619 2118 764 2201 pieriae,
797 2126 829 2183 et
859 2139 961 2184 rerum
986 2125 1152 2200 periurior.
1362 2133 1403 2198 ,‘

169 2201 217 2264 Es
238 2206 282 2267 tu
303 2206 372 2269 eine
392 2204 507 2266 scidae
528 2206 623 2268 rede:
643 2225 678 2267 er
698 2211 783 2288 sapt,
805 2205 867 2268 dcr
882 2203 944 2268 ihm
965 2203 1069 2268 nicbte
1081 2203 1154 2266 tot-
1591 2207 1731 2263 coru
1746 2209 1799 2262 m.

171 2288 269 2356 liciter
289 2311 355 2374 acy,
378 2291 460 2354 deno
480 2287 543 2354 aas
563 2295 649 2357 seiae
670 2290 767 2355 eitam
784 2291 900 2369 frende
931 2312 992 2353 aon
1018 2289 1081 2353 ihm
1100 2288 1154 2352 hc·
1177 2303 1182 2375 Ι
1924 2325 1926 2329 >

169 2375 237 2443 ben.
280 2375 359 2443 Non
380 2378 488 2460 scitis,
510 2389 655 2465 quantus
672 2380 717 2443 sit
737 2377 836 2443 dolor
858 2386 1049 2461 pareutum,
1074 2382 1182 2469 post,¹
1288 2378 1416 2466 Legitis
1443 2380 1532 2466 apud
1560 2376 1757 2446 Ciceronem
1784 2375 1906 2444 multas
1934 2373 2187 2444 consolationes
2263 2431 2275 2441 .

169 2459 263 2532 ilium
285 2462 449 2544 dolorem,
471 2484 571 2552 quem
601 2461 703 2532 habet
729 2462 854 2545 homo,
886 2464 1019 2553 quando
1053 2463 1154 2531 sentit
1203 2465 1246 2530 da
1266 2478 1390 2532 morte:
1411 2466 1502 2547 itera,
1523 2466 1611 2552 apud
1642 2463 1872 2538 Plutarchum,
1895 2463 2070 2530 Senecam.
2116 2463 2186 2531 Sed

169 2549 253 2614 iram
274 2544 353 2616 Dei:
377 2550 520 2617 omnium
544 2548 697 2616 dolorum
719 2570 867 2617 summus
891 2562 955 2631 cst,
976 2571 1074 2637 quem
1095 2547 1154 2616 ha·
1203 2562 1336 2638 oportet
1352 2572 1417 2618 nos
1438 2552 1641 2640 distinguere
1662 2549 1914 2638 philosophicas
1927 2560 1960 2616 et
1976 2546 2188 2616 christianas

170 2637 251 2701 hant
272 2637 481 2722 parentasia
506 2633 694 2705 calamitate
714 2634 854 2703 sobolis.
897 2637 974 2703 Non
999 2647 1054 2702 est
1081 2648 1153 2704 tun·
1203 2636 1462 2707 consolationes.
2173 2663 2175 2668 ·

112 2783 113 2786 ,
169 2734 226 2788 tus
246 2721 369 2806 dolor,
401 2724 535 2810 mando
568 2743 631 2789 nos
665 2724 732 2810 ipsi
761 2723 910 2810 rapimur
936 2725 981 2790 ad
1001 2733 1153 2790 mortem.
1183 2763 1192 2776 .

168 2806 246 2876 Non
267 2812 314 2875 ita
346 2810 598 2891 excruciemur,
630 2830 698 2877 uon
730 2809 778 2876 ita
810 2807 976 2896 profunde
1007 2812 1153 2878 subeunt

169 2897 298 2962 animos
319 2897 456 2964 nostros
474 2894 681 2964 calamitates
703 2909 849 2982 nostrae,
865 2894 1020 2964 sicutilie
1041 2895 1152 2978 dolor,
1849 2910 1850 2915 ’

169 3003 267 3070 quem
300 2996 459 3068 parentes
490 2985 638 3050 sentiunt
673 3005 716 3050 ex
756 2980 944 3051 calamitate
982 2997 1151 3052 natorumt
1204 2973 1328 3081 Quod
1359 2985 1454 3059 sunt
1483 2972 1560 3057 loci
1590 2971 1964 3086 Philosophlcarum
2001 2971 2187 3057 consola·

168 3080 349 3156 propterea
372 3071 502 3138 debetis
530 3069 763 3159 gratitudinem
794 3070 1001 3157 parentibus.
1043 3069 1153 3140 Debe·
1501 3128 1512 3147 .

167 3157 211 3222 tis
235 3175 276 3223 co
302 3157 386 3223 'tara
407 3178 563 3246 magnum
590 3154 704 3224 scelus
731 3176 809 3224 essa
842 3156 1013 3239 offendere
1034 3178 1151 3246 paren·
1390 3203 1393 3210 -
1482 3141 1642 3213 imnum
1671 3123 1903 3241 generalessl

168 3252 233 3310 tes.
312 3246 417 3310 ebetis
438 3240 557 3312 laetari
577 3241 703 3311 laetitia
724 3257 909 3330 parentum.
954 3242 1048 3323 Haec
1066 3244 1152 3337 Pny-

168 3330 240 3397 sica
261 3339 295 3395 et
316 3326 492 3413 naturalia,
515 3341 594 3397 suot
615 3332 779 3419 imagines
799 3351 912 3399 rerum
934 3333 1129 3401 divinarum.
1288 3331 1373 3398 Sunt
1393 3349 1454 3397 sex
1475 3325 1701 3416 philosophici
1722 3325 1805 3396 ioci:
1843 3326 2045 3409 Necessitas,
2066 3326 2185 3410 Dipai-

1201 3424 1252 3480 τω
1272 3419 1416 3488 enemo,
1444 3414 1542 3480 Bona
1575 3418 1789 3489 conscientia,
1821 3413 2028 3497 Bembina,
2062 3413 2185 3481 Curuae

1197 3501 1313 3586 finalia
1337 3502 1478 3567 Collatia
1499 3510 1667 3569 mmmm.
1718 3500 1793 3568 Dae
1823 3501 1897 3564 aiud
1928 3497 2185 3587 philosophicae

1068 3595 1071 3601 ’
1200 3586 1471 3657 consolationesa
1515 3588 1659 3665 Quando
1680 3585 1800 3655 Cicero
1823 3585 1966 3675 aliquem
1989 3584 2186 3655 consolatur

169 3662 306 3767 Quare
336 3664 462 3749 ubera
489 3679 585 3750 sunt
614 3666 781 3752 admoto
807 3666 963 3780 pectori
990 3666 1033 3752 in
1057 3696 1150 3752 mu·
1199 3678 1234 3742 iu
1257 3673 1355 3743 bellis
1377 3672 1543 3757 civilibus,
1566 3679 1772 3759 operantu
1792 3695 1826 3737 er
1847 3673 1975 3739 aanor
1997 3693 2038 3768 ως
2064 3691 2184 3740 nm.

1200 3764 1309 3831 sitate.
1352 3761 1425 3824 Dus
1455 3765 1501 3826 itt
1530 3761 1635 3846 pleieh
1657 3760 1706 3823 ult
1726 3781 1813 3824 merus
1835 3780 1905 3822 man
1925 3763 2014 3822 einen
2035 3759 2119 3825 Dat
2141 3778 2184 3823 un

196 3819 303 3928 liene,
335 3850 429 3906 cum
460 3821 545 3906 aliis
575 3820 799 3938 pecudibus
830 3822 910 3906 sint
941 3822 1113 3910 admota
1201 3849 1322 3933 Gaba·
1340 3847 1458 3929 finiret
1481 3871 1518 3912 so
1535 3856 1609 3932 sapt
1629 3869 1715 3917 man:
1735 3846 1951 3910 &mutata
1968 3845 2083 3911 aaran
2095 3866 2182 3952 eppe.

574 3976 738 4064 venui?
1199 3935 1430 4087 mem»
1446 3931 2070 4106 mlmosslnfflglmlss
2086 3950 2184 4086 Ἢ

1199 4121 1311 4176 tamen
1331 4111 1529 4198 proponitur
1548 4112 1616 4176 ista
1638 4104 1826 4176 consolatio
1848 4115 2038 4193 propterea,
2059 4106 2104 4171 rie
2124 4125 2183 4172 au·

249 4191 465 4281 Respondeo.
509 4192 554 4260 Ut
576 4208 681 4268 mater
702 4190 914 4274 transfundat
939 4212 1088 4262 amorem
1115 4191 1176 4275 et}
1264 4215 1340 4264 mus
1373 4192 1524 4263 dolorem
1551 4193 1683 4262 frustra
1714 4193 1942 4282 repugnando.
1999 4190 2044 4258 Ori
2072 4197 2182 4280 πριῖξις

164 4291 275 4347 motus
293 4282 406 4347 cordis
427 4282 461 4346 iu
479 4277 642 4347 sobolem.
685 4280 759 4343 Das
778 4280 864 4356 etet,
886 4303 922 4344 so
945 4282 1023 4344 bairi
1043 4302 1078 4344 es
1096 4300 1149 4366 pe-
1219 4282 1355 4372 morior:
1397 4281 1499 4350 Nulla
1530 4294 1584 4350 est
1613 4277 1741 4349 utilitas
1772 4279 2041 4368 lachrymarum,
2076 4277 2184 4368 iuquit

162 4365 305 4433 norim
326 4371 391 4440 ist,
414 4371 567 4451 emptam
592 4387 626 4429 ee
654 4368 713 4432 der
733 4367 853 4431 Eiteru
898 4368 1054 4436 Pecudes
1077 4380 1148 4435 tan·
1198 4368 1377 4449 liemarus,
1397 4369 1468 4432 dtu
1487 4372 1532 4433 iat
1553 4368 1751 4436 necessitas.

162 4463 233 4520 trun
255 4451 350 4521 aiunt
371 4452 537 4535 sobolem,
557 4465 678 4541 postea
697 4476 766 4522 non
794 4453 929 4522 fovent:
956 4458 1019 4522 sed
1047 4455 1148 4523 homo
1283 4454 1458 4523 Secundum
1480 4453 1579 4523 locus
1591 4500 1602 4537 ,
1635 4455 1780 4542 dignitas
1808 4452 1952 4520 unaue
1995 4449 2104 4519 Homo
2127 4451 2182 4518 d'e

162 4558 233 4606 non
255 4541 355 4607 debet
376 4537 486 4608 scium
508 4537 622 4623 alere,
650 4542 713 4606 sed
745 4542 844 4607 etiam
875 4540 993 4608 fovere
1017 4554 1146 4629 postea.
1196 4543 1254 4608 bet
1276 4543 1425 4630 cogitata
1447 4543 1599 4610 virtutem
1621 4560 1701 4609 esse
1728 4536 1899 4606 meliorem
1928 4533 2083 4605 omuibus
2104 4532 2181 4604 aliia

163 4623 244 4692 ideo
265 4628 369 4693 ubera
402 4637 481 4694 sunt
513 4628 650 4694 admota
677 4628 770 4694 cordi
782 4673 793 4708 ‚
827 4639 864 4693 ut
896 4624 1149 4696 transfundatur
1198 4630 1307 4708 bonis,
1327 4631 1403 4695 ideo
1425 4649 1492 4694 non
1515 4630 1613 4695 debet
1633 4625 1748 4695 iacere
1770 4637 1889 4694 eontra
1899 4627 2064 4692 virtutem.
2088 4622 2180 4702 ‚crta

162 4709 302 4780 effectus
324 4726 471 4794 mutuus,
493 4726 527 4781 et
544 4712 776 4781 benovolentia
797 4708 855 4779 ilia
876 4726 992 4782 mutua
1026 4715 1060 4780 in
1091 4734 1148 4781 so·
1195 4715 1401 4783 interficiens
1422 4736 1475 4796 se,
1495 4712 1578 4781 iacit
1599 4725 1718 4780 conus
1738 4712 1912 4792 virtutem,
1941 4722 2059 4777 contra
2087 4709 2180 4776 iusti·

163 4794 285 4865 bolam.
326 4801 417 4878 item,
437 4812 475 4868 ut
496 4803 642 4868 aciamus
664 4821 728 4868 nos
757 4799 910 4867 homines
921 4847 934 4881 ,
965 4803 1056 4887 quod
1089 4802 1146 4868 de·
1196 4803 1288 4867 tiam:
1311 4803 1453 4869 debebat
1480 4802 1644 4868 moderari
1670 4795 1838 4878 dolorem3
1869 4798 1991 4861 &raon
2022 4795 2097 4859 habt
2128 4795 2181 4860 tha

163 4882 303 4951 beamus
324 4887 412 4952 uatis
433 4907 502 4952 non
523 4883 632 4954 solnm
654 4887 930 4968 nutricatiouem,
958 4887 1025 4953 sed
1047 4891 1146 4954 etiarn
1169 4888 1174 4904 '
1195 4891 1246 4963 ein
1267 4883 1329 4972 pai»
1357 4888 1471 4953 echone
1491 4887 1582 4950 Reda
1609 4887 1701 4974 apud
1720 4884 1931 4966 ciceronem,
1958 4880 2180 4973 &aagendam

163 4971 494 5039 communicationem
516 4976 701 5061 sapientiae
722 4982 756 5039 et
777 4974 920 5056 virtutis,
961 4994 1024 5041 uae
1045 4966 1146 5062 sigui·
1195 4994 1275 5041 esse
1297 4971 1447 5042 dolorem
1477 4971 1610 5040 allisum
1644 4972 1687 5040 ad
1719 4973 1897 5070 virtutem,
1930 4981 2102 5056 numquam
2134 4969 2180 5035 ad

160 5055 282 5124 ficatur
301 5079 364 5146 per
386 5078 464 5127 corr
486 5060 547 5123 aas
567 5061 633 5129 solt
653 5061 704 5123 thr
726 5060 918 5124 dedecalceas
936 4995 1068 5128 debetis
1090 5080 1145 5128 es·
1195 5059 1389 5147 scopulum
1411 5070 1465 5128 est
1484 5062 1518 5127 in
1539 5059 1572 5127 a.
1593 5057 1653 5129 lib.
1674 5058 1780 5147 Epist.
1793 5056 1923 5138 Fanni,
1940 5058 1975 5122 id
1993 5068 2056 5138 cst,
2078 5055 2179 5122 homo

158 5144 273 5231 picere
293 5154 458 5212 naturum.
640 5166 643 5171 ’
1021 5227 1035 5234 ,
1195 5147 1295 5216 ‹iebet
1314 5149 1459 5215 retinere
1479 5143 1830 5232 praesentiamanimi,
1843 5144 1943 5211 etiam
1963 5144 1998 5210 in
2025 5142 2179 5240 adversis

1343 898 1464 984 Unde
1495 897 1649 982 sactum
1681 910 1753 983 ese
1773 898 2046 983 vocabulum?
2174 1010 2177 1014 Ι
