4620 5588
146 189 213 257 na
391 204 395 217 r
784 183 895 251 ιιιιι.
919 155 1024 248 nnn.
1046 181 1235 251 sontem
1259 180 1525 252 maanes.
2059 236 2064 241 .
2099 180 2166 247 noo

1601 317 1611 353 i

146 380 192 466 pii
213 375 350 446 sanent.
393 377 440 439 Er
456 381 500 441 ist
521 377 607 440 mebi
630 376 828 439 amandari.
873 375 1016 449 Quando
1031 373 1160 441 homo’
1269 374 1483 461 Respondeo.
1526 372 1652 438 Nostra
1674 386 1815 457 pensata
1840 373 1989 451 luerunt,
2016 393 2104 458 quaa
2131 374 2167 438 in

149 488 183 532 ιιι
205 466 374 533 exercitiis
402 465 625 549 poenitentiae
652 462 754 528 habet
782 461 958 546 parvulum
985 477 1132 550 gustum,
1182 465 1291 550 ipsum
1316 463 1468 527 coniecta
1489 472 1579 526 sunt.
1630 460 1706 544 lpse
1734 462 1840 526 sensit
1868 480 1907 525 se
1936 480 2014 524 csse
2040 457 2168 524 factum
2220 519 2224 529 .

150 554 303 639 exiguam
327 551 499 638 guttulam,
520 550 575 616 vel
598 548 754 622 stillulam
779 550 874 614 istius
897 568 1032 628 sensus,
1054 560 1133 615 tunc
1184 551 1339 628 bostiam,
1360 547 1395 614 in'
1413 546 1629 635 quarnellusa
1647 545 1707 615 luit
1726 549 1775 613 ira
1792 548 1919 613 aeterni
1932 546 2052 624 Patris,
2094 548 2168 611 nasi

149 659 235 725 pene
258 639 476 725 extinguitur,
502 638 594 703 iuxta
620 639 759 703 dictum:
789 635 882 697 Sicut
909 637 957 699 leo
986 639 1133 700 contrivit
1183 638 1258 723 ipse
1290 635 1411 700 fuisset
1444 655 1525 700 vere
1560 656 1658 713 rcus,
1703 636 1800 721 quasi
1840 636 1914 719 ipse
1953 653 1992 697 se
2030 570 2168 717 poluis-

149 727 254 788 onmio
276 747 347 786 osso
369 745 446 786 arcu.
1184 735 1237 788 set
1268 724 1351 788 meis
1384 734 1417 788 et
1451 724 1516 788 tuis
1543 725 1702 807 peccatis.
1758 721 1832 787 lloe
1865 721 2041 805 Scriptura
2070 730 2169 785 vocnt

181 831 185 837 ·
236 809 338 876 Filius
355 809 420 875 Dei
443 812 523 875 vidit
545 824 577 874 et
600 820 759 894 expertus
782 823 835 874 ast
863 807 952 875 illam
976 812 1135 896 magnitu·
1180 813 1251 892 fieri
1277 818 1453 891 peccatum,
1488 817 1519 870 ct
1550 809 1754 870 tiroledictum.
1811 807 1964 873 Christus
1998 828 2065 871 non
2094 803 2169 871 tulit

152 900 281 977 dinem,
309 912 340 962 et
371 896 489 961 rnolem
517 899 585 961 irae
607 894 688 977 Dei,
719 897 794 963 ideo
819 898 974 962 sustinuit
995 899 1134 974 maiora,
1184 907 1310 963 tantum
1340 894 1579 962 lacerationem
1610 898 1778 981 corporis,
1807 896 1868 961 sed
1897 893 2001 961 multo
2023 896 2168 968 maiora3

150 1007 249 1072 quam
274 982 360 1049 ullus
385 997 540 1057 sanctus;
563 980 637 1047 tulit
659 986 796 1061 maiora,
819 1005 917 1068 quam
940 984 1056 1059 Adam,
1080 984 1134 1069 qui
1184 985 1290 1049 sensit
1331 986 1397 1047 vim
1436 984 1582 1067 peccati:
1621 984 1727 1047 sensit
1764 984 1846 1046 iram
1881 981 1963 1059 Dei,
2003 983 2169 1047 adversus

152 1074 250 1138 etiam
274 1071 380 1135 sensit
408 1071 497 1137 haud
527 1070 626 1134 dubie
654 1062 818 1156 insignem
840 1084 975 1156 gustum
996 1073 1065 1135 irae
1088 1070 1134 1134 di·
1208 1083 1324 1135 eccata
1363 1072 1464 1134 totius
1505 1072 1639 1155 generis
1672 1068 1821 1133 hunrani:
1867 1067 1972 1134 sensit
2010 1087 2050 1131 se
2092 1089 2170 1134 esse

151 1159 248 1224 vinae
271 1154 427 1243 loquente
438 1156 531 1232 Deu;
553 1170 586 1222 et
608 1153 727 1222 fuisset
749 1158 909 1222 redactus
930 1159 962 1223 in
985 1155 1134 1234 nihilum,
1160 1192 1163 1207 ·
1185 1096 1328 1223 hostiam
1361 1158 1403 1221 ad
1433 1177 1575 1241 poenam
1602 1157 1830 1223 sustinendam
1866 1179 1927 1240 pro
1958 1176 2081 1242 uerrere
2109 1157 2209 1234 ltu-s

151 1241 272 1311 luisset
294 1245 471 1323 extinctus,
489 1244 553 1333 nisi
576 1240 767 1308 mirabiliter
785 1258 991 1309 sustentatus
1004 1241 1134 1308 suisset.
1159 1220 1163 1295 l
1186 1268 1295 1311 runnu.
1341 1244 1415 1309 lloc
1437 1242 1614 1331 diligenter
1626 1245 1896 1318 consideremus3
1920 1228 2096 1327 etquotios
2111 1263 2170 1328 gu·

151 1330 277 1397 Postea
306 1331 404 1395 etiam
433 1350 535 1416 saepe
565 1330 671 1394 sensit
701 1343 834 1417 gustum
862 1332 933 1395 irae
959 1330 1026 1396 Dei
1048 1333 1136 1398 sicut
1187 1344 1315 1399 stamus
1344 1352 1480 1396 sensum
1510 1328 1651 1417 aliquem
1680 1331 1749 1395 irae
1778 1329 1860 1409 Dei,
1891 1349 2026 1396 oremus
2050 1329 2171 1406 Deum,

150 1420 183 1482 in
208 1430 312 1481 rnorte
336 1413 440 1496 Abel,
468 1416 693 1483 non'dubium
712 1424 780 1497 e'st,
808 1419 886 1503 quin
909 1419 1066 1483 radiarint
1087 1415 1136 1482 illi
1159 1447 1162 1463 ·
1188 1433 1223 1485 ut
1242 1419 1274 1482 in
1297 1420 1347 1482 ira
1369 1438 1443 1496 sua,
1474 1418 1722 1482 misericordiae
1745 1417 1955 1495 recordetur,
1982 1438 2024 1480 ne
2048 1436 2171 1480 consu·

150 1506 263 1589 magui
287 1501 431 1568 dolores.
596 1560 601 1567 .
1159 1514 1165 1651 p
1187 1518 1256 1570 mat
1273 1525 1349 1583 nos,
1373 1506 1460 1569 sieut
1475 1503 1639 1589 propheta
1656 1503 1813 1571 leremias
1828 1516 2000 1588 precatur:
2024 1503 2169 1574 Domine,

162 1624 165 1635 ·
240 1590 331 1655 llaec
353 1603 431 1656 sunt
452 1589 565 1676 aliquo
589 1591 687 1654 modo
719 1592 912 1676 cogitanda:
942 1593 1019 1677 quia
1041 1591 1135 1657 Deus
1188 1595 1221 1653 r'n
1243 1592 1364 1652 iudicio
1388 1594 1513 1671 corripe
1529 1613 1592 1651 ruo:
1614 1612 1677 1653 non
1699 1594 1732 1650 in
1755 1595 1821 1661 iro,
1849 1612 1887 1651 ne
1911 1592 1955 1651 ad
1976 1589 2103 1650 stitutum
2126 1611 2170 1651 re-

153 1674 224 1743 vult
246 1695 314 1740 nos*
332 1680 481 1762 cogitare
504 1678 546 1741 de
568 1678 688 1742 iudicio
711 1675 785 1742 Dei.
831 1678 973 1763 Oportet
994 1699 1058 1743 nos
1080 1699 1136 1743 co·
1188 1679 1285 1767 dipos
1302 1700 1356 1740 rrae.
1401 1676 1444 1742 Et
1468 1680 1499 1742 in
1524 1674 1658 1749 Psalmo
1682 1679 1814 1741 dicitur:
1843 1677 1986 1750 Domino,
2009 1698 2047 1737 ne
2068 1680 2102 1736 in
2120 1679 2170 1755 sn

179 1764 263 1829 ‘tare
287 1766 327 1828 de
351 1767 508 1849 passione
531 1760 587 1827 filii
610 1762 691 1828 Dei:
713 1766 834 1829 deinde
855 1765 954 1830 etiam
977 1765 1019 1829 tle
1039 1766 1136 1831 berre·
1188 1784 1261 1827 roro
1283 1773 1336 1826 tuo
1360 1785 1477 1845 orpaus
1498 1786 1551 1825 ma
1582 1761 1763 1828 Et'Esttias
1782 1764 1902 1849 inquit:
1925 1764 1998 1824 Non
2019 1767 2172 1826 irascaris

177 1851 237 1916 ciis
261 1851 343 1928 eiuS,
372 1870 459 1936 quae
481 1851 577 1915 nobis
601 1847 659 1914 illa
680 1854 839 1935 passione
860 1853 988 1916 meruit.
1034 1851 1135 1916 Novi·
1188 1851 1297 1932 voldc;
1318 1872 1377 1913 nor
1398 1851 1503 1922 latrari,
1525 1859 1561 1912 tu
1578 1854 1672 1931 fictor
1693 1859 1807 1915 noster.
1847 1851 1939 1916 llaec
1963 1853 2107 1915 breuiter
2126 1853 2173 1913 di·

152 1957 226 2003 mus
250 1938 348 2001 ctiam
371 1950 488 2002 nostro
511 1950 576 2001 tem
603 1957 662 2001 ore
683 1935 807 2002 multos
829 1940 992 2023 quosdam
1016 1941 1136 2003 animo·
1189 1950 1242 2004 cta
1266 1941 1332 2003 sint
1355 1940 1397 2003 de
1419 1936 1558 2003 historia
1579 1936 1758 2003 Laurentii.

153 2025 287 2088 sissime
309 2024 401 2087 mori.
445 2028 480 2090 ln
502 1959 626 2110 Anglla
648 2025 781 2109 quidam
805 2023 1036 2090 bonushomo
1062 2035 1137 2090 erat

155 2110 396 2176 condemnatus
426 2111 468 2175 ad
496 2123 647 2175 mortem.
691 2109 772 2175 Erat
799 2108 1029 2196 ludimagister
1050 2109 1166 2194 Lon-l

154 2195 240 2271 diui3
264 2198 396 2282 vesperi
418 2197 546 2263 amicus
568 2194 688 2282 aliquis
707 2194 816 2262 attulit
834 2200 865 2262 ei
883 2212 1082 2277 assaturam,
1105 2209 1165 2263 et*
1403 2238 1411 2256 ·
1456 2236 1460 2243 ·
1512 2239 1520 2256 ·
2027 2238 2034 2255 ·
2076 2239 2083 2253 ·

155 2283 309 2348 coenavit
332 2303 407 2347 cum
433 2303 473 2347 eo
495 2284 529 2347 in
548 2280 715 2361 conclavi,
738 2286 770 2348 in
794 2305 859 2369 quo
883 2286 1166 2369 captivustene·t
1265 2238 1557 2351 Exphcal'lo
1588 2252 1760 2320 temus
1791 2236 2096 2348 Evangellel.

154 2370 262 2435 batur.
308 2366 393 2434 Cum
415 2371 524 2456 attigit
553 2390 687 2434 carnem
708 2368 893 2435 sementem
914 2369 1041 2450 nrlhuc,
1069 2370 1140 2437 lae·
1162 2380 1166 2437 t

154 2475 214 2521 sus
246 2454 399 2535 fervore,
432 2457 571 2521 retraxit
605 2457 758 2544 digitum,
790 2469 909 2542 postea
944 2459 1165 2524 subridensrz
1204 2484 1208 2489 ·
1249 2453 1449 2521 ¹Recitator
1470 2457 1670 2527 autemisto
1694 2456 1747 2522 die
1769 2452 1908 2521 historia
1930 2455 2175 2520 devastatione

153 2540 249 2614 Ecce,
271 2542 387 2627 inquit,
412 2543 539 2623 trepido
561 2565 651 2615 arcuo,
674 2565 742 2607 ann
763 2549 884 2606 tuntum
906 2552 1139 2608 orsoturmnot·
1162 2556 1166 2617 t
1188 2544 1282 2610 urbis
1295 2542 1567 2630 Hierosolymae3
1589 2544 1667 2629 quia
1690 2544 1755 2608 ista
1779 2543 1862 2619 dies,
1885 2553 1938 2607 est
1955 2542 2027 2606 dies
2043 2541 2174 2606 incensi

154 2632 254 2711 tingo,
276 2630 354 2711 quid
377 2650 449 2690 crus
470 2634 532 2691 erit
548 2634 699 2710 sutrinam,
723 2652 790 2693 cumr
811 2633 880 2712 ipre
891 2631 1042 2697 octuber?
1074 2629 1139 2697 Ta·
1163 2624 1166 2693 J
1188 2626 1318 2715 templi3
1347 2629 1503 2696 videlicet
1532 2631 1604 2694 dies
1630 2629 1679 2694 lb.
1703 2628 1858 2716 Augustis
1904 2626 2176 2693 Consentaneum

152 2736 230 2782 men
258 2715 419 2800 postridie
448 2717 720 2783 constantissime
738 2728 771 2783 et
788 2719 1033 2785 animosissime
1054 2739 1139 2785 mor·
1163 2700 1166 2779 l
1190 2728 1242 2783 est
1265 2728 1387 2797 autem,
1410 2717 1500 2804 quod
1522 2713 1581 2781 illa
1600 2713 1741 2803 pulchra
1759 2715 1866 2781 moles
1878 2736 1946 2782 non
1964 2716 2075 2781 subito
2094 2735 2175 2780 con·

122 2814 232 2868 =tuus
256 2816 316 2867 est.
362 2799 446 2868 Cum
463 2825 522 2867 rex
537 2805 601 2888 ipsi
619 2804 769 2884 dixisset,
792 2804 821 2867 si
837 2801 936 2869 vellet
953 2818 1139 2884 recantare,
1163 2782 1167 2885 l
1189 2803 1356 2891 flagraritr
1378 2807 1424 2866 sie
1445 2802 1545 2865 doben
1561 2804 1664 2866 daron
1685 2826 1720 2865 zu
1739 2802 1890 2865 crdeitten
1913 2801 2028 2884 petunt
2048 2822 2174 2889 usqum
2288 2844 2300 2861 .

154 2886 244 2955 velle
266 2908 305 2953 se
327 2888 357 2952 ci
380 2909 529 2972 parcere,
548 2902 583 2954 ct
603 2909 742 2955 servare
757 2910 830 2956 eum
848 2889 1062 2958 incolumem:
1079 2890 1139 2956 lllc
1164 2896 1167 2977 t
1189 2891 1232 2955 ad
1253 2889 1407 2964 Natalem
1423 2889 1562 2968 blaciae,
1584 2892 1640 2976 qui
1664 2902 1715 2955 est
1738 2890 1769 2954 8.
1783 2890 2002 2976 Septembris.
2048 2887 2095 2953 lbi
2111 2885 2176 2954 fuit

153 2976 381 3060 procumbens
403 2976 437 3038 in
459 2996 582 3060 genua,
606 2976 675 3061 egit
696 2977 834 3065 gratias,
857 2989 891 3041 et
913 2978 1006 3058 dixit,
1028 2997 1068 3043 se
1090 2998 1140 3043 se·
1163 2982 1167 3089 p
1188 2978 1319 3064 penitus
1354 2989 1452 3062 capta
1485 2974 1732 3064 Hierosolyma.
1788 2975 1851 3042 Est
1890 2977 1976 3042 euim
2016 2971 2176 3062 paulatim

156 3061 301 3126 cundum
331 3058 441 3125 Deum
469 3060 594 3127 nullius
624 3063 856 3129 auctoritatem
885 3060 989 3147 pluris
1015 3062 1140 3144 lacere,
1189 3065 1272 3129 urbs
1291 3084 1376 3131 occu
1400 3076 1465 3129 ata.
1501 3063 1625 3129 llabuit
1636 3063 1759 3130 multas
1770 3064 1983 3142 munitiones,
1996 3064 2174 3127 distinctas

155 3166 255 3298 paam
278 3149 386 3233 regis3
404 3148 467 3211 sed
489 3167 528 3214 se
550 3170 618 3214 non
636 3149 860 3233 possoDcum
875 3150 1077 3216 contumelia
1094 3149 1139 3217 al·
1189 3151 1291 3216 certis
1313 3084 1420 3231 laedi,
1452 3147 1574 3215 multos
1599 3148 1725 3229 colles,
1748 3163 1781 3217 ct
1802 3152 1836 3216 iu
1859 3145 2001 3237 singulis
2027 3147 2174 3215 collibus

181 3252 275 3299 cere:
311 3245 344 3297 et
371 3230 542 3318 amplexus
571 3231 790 3315 fasciculum,
824 3237 880 3322 qui
907 3249 979 3302 erat
1006 3239 1138 3326 signum
1188 3233 1322 3303 fuerunt
1352 3238 1506 3303 diversae
1535 3239 1743 3304 munitiones.
1790 3235 1865 3302 Alio
1888 3238 1989 3324 igitur
2012 3247 2175 3321 tempore,
2282 3301 2285 3313 ,

156 3320 286 3399 tnortis,
316 3320 413 3385 elisit:
445 3319 569 3382 Ornilii
591 3322 791 3384 dolcissimus
814 3327 937 3405 virgus:
970 3325 1058 3388 Mori
1079 3347 1138 3407 epo
1188 3322 1253 3389 alia
1274 3323 1351 3390 loca
1372 3320 1507 3388 fuerunt
1529 3324 1711 3391 destructa.
1755 3323 1863 3389 llodie
1885 3335 1994 3388 tamen
2018 3319 2194 3408 templum‘

151 3408 264 3487 portus
284 3407 378 3487 mulo,
400 3427 492 3488 quum
514 3417 625 3471 contro
643 3409 743 3472 Deum
762 3411 879 3488 fucore.
1187 3410 1347 3479 scribitur
1370 3430 1448 3475 esse
1469 3412 1642 3478 incensum
1658 3423 1692 3476 et
1705 3409 1954 3476 inflammatum.
1997 3408 2039 3474 Et
2061 3410 2176 3476 dicunt

242 3492 309 3558 lsta
331 3493 473 3559 historia
494 3507 545 3559 est
568 3495 803 3562 nientorabilis.
847 3497 910 3561 Est
931 3511 1082 3563 mortuus
1104 3500 1138 3563 in
1189 3498 1305 3563 eodem
1336 3498 1389 3578 die
1418 3496 1652 3584 conflagrasse
1674 3510 1825 3583 tempore
1846 3493 2174 3562 Nabuchodonozor.

156 3580 281 3664 optima
305 3578 529 3646 confessione.
581 3582 657 3648 Fuit
677 3581 823 3649 sceleste
846 3580 978 3651 delatus
1000 3605 1061 3669 per
1083 3607 1138 3651 ca-

155 3664 329 3746 lumniam,
359 3680 392 3731 et
414 3687 475 3752 per
505 3664 702 3735 calumniam
724 3668 815 3734 illum
838 3690 1037 3757 oppressusz
1065 3670 1137 3738 Μο-

155 3767 275 3817 nuerat
297 3768 430 3820 tantum.
448 3755 896 3842 concionatoremquendam
919 3760 1060 3823 anticum
1078 3779 1139 3842 per
1162 3801 1166 3815 ·
1195 3752 1206 3775 ²
1353 3756 1356 3761 ’
1711 3799 1718 3813 .

155 3840 336 3924 militium,
370 3837 450 3904 nihil
477 3841 612 3926 publice
640 3844 820 3921 docuerat,
855 3858 887 3908 et
916 3842 972 3909 ille
994 3845 1139 3928 prodidit
1373 3796 1583 3899 Quantum
1616 3812 1679 3880 est
1708 3797 1993 3933 mtervallum?

155 3946 228 3991 eum
241 4012 299 4079 Sic
321 4013 422 4099 igitur
445 4014 540 4078 dico:
574 4012 688 4081 Filius,
702 4014 765 4079 Dei
787 4013 892 4080 multo
914 4017 1042 4083 maiora
1064 4037 1140 4102 pas·
1277 4000 1361 4065 ⁸1¹¹st
1388 4001 1466 4064 1111111
1488 4000 1621 4065 circiter
1642 3998 1724 4073 61⁷3
1759 3999 1837 4083 qula
1864 3999 1941 4062 1111111
1971 3997 2175 4080 captivitatis

155 4118 214 4163 sus
237 4110 301 4180 est,
320 4119 418 4185 qnam
440 4098 531 4166 ullus
554 4112 762 4168 sauctorum:
787 4111 822 4168 et
832 4102 920 4181 idco,
943 4099 1139 4168 nenosfer.
1189 4084 1418 4172 Babylonicae
1440 4083 1574 4151 fuorunt
1597 4085 1650 4149 70.
1684 4083 1810 4149 Postea
1832 4081 1960 4170 aliquot
1975 4085 2053 4148 anni
2075 4083 2174 4148 inter·

154 4205 286 4265 remus,
319 4186 392 4270 ipse
414 4184 504 4254 tulit:
538 4189 616 4275 qaia
643 4210 707 4253 nos
737 4202 809 4254 non·
829 4208 944 4256 sumus
968 4210 1068 4276 pares
1091 4188 1142 4261 se..
1190 4184 1367 4239 cesserant
1387 4181 1495 4258 usque
1517 4174 1561 4238 ad
1583 4173 1857 4237 instaurationem
1887 4171 2026 4234 secundi
2050 4165 2173 4251 templi.

153 4273 261 4337 rando
294 4284 385 4337 tanto
421 4275 525 4338 oneri.
576 4273 654 4341 ldeo
683 4277 787 4342 maior
809 4278 842 4340 in
864 4275 1048 4343 Laurentio
1070 4275 1139 4343 lae·
1190 4261 1264 4325 1¹⁰⁰
1287 4262 1379 4324 stetit
1401 4261 1497 4323 11111118
1520 4256 1621 4343 pitulo
1645 4255 1787 4340 atnpllus
1814 4257 2013 4343 quingentis.
2058 4257 2094 4322 Si
2122 4276 2175 4320 re·

154 4361 225 4425 titia
249 4358 395 4438 exsistit,
426 4382 524 4425 rtrum
548 4362 580 4426 in
604 4360 758 4438 Christo3
789 4365 866 4449 quin
887 4361 992 4431 multo
1015 4365 1139 4430 maiora
1191 4360 1242 4412 tro
1266 4365 1422 4412 numeres
1444 4366 1465 4409 a
1487 4344 1752 4431 conflagratione
1774 4341 1887 4426 templi
1909 4345 1972 4408 sub
1994 4340 2175 4441 Nabuehp·

153 4449 290 4533 patitur:
323 4446 409 4510 Nam
436 4406 598 4513 laceratio
628 4450 779 4533 emporis
803 4471 870 4514 non
894 4464 946 4514 est
968 4462 1076 4530 tama,
1110 4451 1140 4514 ,t
1191 4437 1361 4511 tlonozor,
1395 4432 1438 4496 ad
1483 4434 1598 4509 rimam
1626 4433 1845 4496 conditionem
1869 4427 1999 4513 templi,
2033 4429 2174 4493 habebis

152 4553 250 4600 mens
273 4546 325 4597 est
346 4535 491 4620 integra,
513 4537 647 4621 quando
672 4538 877 4604 conscientia
898 4558 967 4603 non
990 4550 1042 4604 est
1063 4560 1140 4604 sau.
1191 4523 1290 4585 etiam
1319 4540 1427 4584 arrnos
1463 4540 1521 4583 cre
1549 4518 1622 4582 500.
1656 4590 1663 4615 -.
1677 4516 1808 4583 Rursus
1842 4539 1863 4581 a
1890 4517 2024 4581 condito
2050 4512 2174 4599 templo

141 4622 218 4693 gia,
240 4633 323 4686 ,unc
345 4621 468 4685 caeteri
492 4618 626 4687 dolores
651 4634 729 4687 sun,
752 4621 1008 4696 ,operabffiowg
1192 4606 1382 4756 Salomosnis
1409 4607 1603 4756 appossitam
1626 4620 1670 4670 ex
1690 4606 1860 4692 Aegypto,
1890 4600 2039 4666 similiter
2068 4601 2175 4666 babes

197 4760 258 4822 Ed
280 4760 403 4843 “liquid
425 4764 547 4842 'nami'
568 4765 682 4823 “imm
711 4763 816 4824 “bem
836 4763 937 4823 mani·
1191 4714 1558 4864 ammltaelpllellunlquc
1595 4775 1715 4843 latalcs
1751 4778 1895 4862 periodi,
1928 4788 1986 4839 aut
2021 4776 2174 4860 insignes

574 4898 716 4964 contra,
1192 4867 1390 4933 truncationes
1412 4865 1626 4952 lmperiorum
1653 4865 1809 4929 eveniunt
1836 4865 1926 4927 circa
1949 4883 2056 4926 annos
2080 4862 2174 4946 quin·

1192 4966 1324 5041 gentos
1369 4953 1444 5018 Hoc
1466 4964 1617 5018 nostrum
1638 4952 1830 5034 imperium,
1864 4952 1906 5013 ab
1928 4950 2018 5012 initio
2042 4947 2174 5012 Electo-

198 5036 238 5097 I'l
262 5038 388 5099 elilim
411 5060 473 5100 ’²⁰⁷²
491 5040 558 5117 filli
577 5045 753 5117 Pssssffll’mss
920 5068 923 5073 ’
1191 5064 1265 5108 rum
1288 5042 1379 5105 stetit
1400 5061 1508 5106 armos
1530 5039 1612 5104 500:
1636 5039 1715 5122 quia
1737 5036 1949 5104 Electoratus
1973 5036 2173 5100 constitutus

196 5122 286 5205 ΒΨ
310 5125 502 5189 Μώωῖ
524 5127 639 5187 'mm
659 5127 751 5194 ''m’'
948 5171 951 5176 2
1061 5148 1065 5153 '
1192 5140 1247 5195 cst
1278 5130 1369 5194 eirca
1402 5149 1524 5193 annum
1565 5123 1649 5189 1000
1681 5136 1760 5209 post
1798 5125 2001 5188 nativitatem
2035 5120 2172 5186 Christi.

360 5258 406 5307 ‘lli
