4620 5588
172 213 237 283 uti

172 416 228 470 tur
260 402 412 468 remissio
443 411 670 488 peccatorum.
713 401 771 469 Sic
797 401 984 472 domemur
1010 401 1155 490 prophe·

97 551 104 557 ,
172 500 239 569 tae,
262 489 319 574 qui
348 485 481 554 iueruru
508 488 709 573 interpretes
734 489 978 574 promissionis.
1023 490 1154 555 Doeue·

172 587 267 656 runt,
302 575 478 640 credentes
514 571 641 680 hpbere
673 576 913 682 remissionem·
937 588 1155 681 peccatorum

172 658 1154 900 vlumus

140 833 1154 1028 {dedisses'ddeaendt'driiddliarimlr'lhsdilsaehszoedriahddmvhcem

172 1006 264 1074 illam
276 1005 400 1072 Christi
421 1004 572 1073 audiunt:
596 1005 819 1074 Rernittuutut·
834 1007 891 1074 ttbr
901 1015 1057 1092 peccota:
1084 1006 1156 1074 We

173 1090 563 1247 fflipgazlpprisaem
584 1094 619 1158 in
640 1092 755 1175 Luca,
784 1114 859 1160 cum
881 1094 1155 1184 admeretricem

446 1376 519 1459 De
549 1376 706 1458 tertio
735 1341 879 1460 hoco.
974 1476 990 1490 ..

258 1557 476 1625 Ministerium
504 1556 584 1624 novi
604 1546 810 1625 Testamenti
831 1558 934 1624 habet
955 1577 1154 1644 expressum

170 1645 383 1723 mundatum,
412 1655 448 1710 ut
476 1643 648 1718 annuntiet
669 1645 900 1712 remissionom
927 1656 1155 1732 peccatorum,

170 1733 205 1799 in
227 1732 361 1799 nomina
380 1728 453 1797 Filii
475 1729 551 1798 Dei.

199 1911 355 1995 Annon
384 1909 462 1994 fuit
490 1911 571 1994 hoc
600 1909 867 1994 ministerium
898 1909 1023 1994 etiam
1053 1936 1129 1992 ex·

289 2060 472 2144 pressum
503 2032 546 2113 in
575 2032 705 2114 veteri
737 2028 1032 2115 Testamento?

256 2201 315 2264 lta.

213 2480 215 2483 .
341 2374 450 2486 Ergo
479 2374 579 2457 nihil
607 2374 686 2458 tuit
715 2373 980 2458 discriminis?

257 2555 471 2642 Respondeo.
516 2556 592 2623 Fuit
610 2557 788 2623 discrimen
809 2559 895 2623 iuter
911 2557 1022 2644 legem
1034 2565 1068 2621 et
1079 2575 1155 2641 pro·

169 2647 361 2712 missiones.
407 2642 611 2709 Sacerdotes
644 2641 732 2731 legis
765 2645 999 2729 praedicantes
1033 2640 1155 2728 legem,

171 2729 272 2798 simul
301 2731 469 2796 debebant
497 2749 577 2797 esse
608 2729 811 2816 interpretes
840 2730 1092 2816 promissionis3
1120 2737 1156 2794 et

170 2819 246 2883 ideo
268 2818 359 2883 misit
369 2817 465 2883 Deus
486 2814 682 2902 prophetas,
703 2816 776 2882 sive
798 2837 841 2881 ex
862 2817 952 2883 tribu
964 2816 1058 2895 Levi,
1080 2816 1155 2882 sive

171 2901 246 2971 aliis
268 2904 435 2981 tribubus,
453 2903 511 2988 qui
532 2904 789 2988 promissionem
800 2900 975 2990 Evangelii
997 2903 1155 2986 interpre

170 3001 324 3057 tarentur
345 2989 487 3056 subinde
509 2993 722 3055 obscuratam
741 2989 784 3054 ab
806 2990 890 3075 ipsis
908 2989 1153 3059 sacerdotibus,

170 3077 371 3144 docentibus
398 3072 518 3162 legem.
563 3075 674 3160 ipsum
697 3075 829 3161 quidem
850 3076 1068 3142 ministerium
1091 3074 1155 3140 Le-

171 3167 225 3253 gis
242 3185 311 3230 non
323 3175 375 3229 est
384 3162 592 3230 annuntiatio
603 3163 812 3228 remissionis
825 3174 1052 3247 peecatorum,
1076 3162 1154 3249 quia

171 3264 226 3318 est
248 3249 506 3329 condemnatio,
524 3270 673 3336 arguens
693 3261 885 3334 peceatum:
909 3249 971 3314 sed
993 3247 1154 3314 sacerdo·

172 3351 225 3403 tes
247 3336 415 3400 debebant
436 3354 516 3401 esse
536 3336 697 3401 custodes
720 3334 895 3401 doctrinae
903 3336 945 3400 de
956 3335 1155 3399 remissione

171 3432 397 3510 peecatorum.
440 3419 535 3487 Haec
562 3434 673 3488 autem
704 3419 884 3507 promissio
916 3421 952 3486 in
982 3441 1072 3486 novo
1093 3416 1156 3485 Τε-

173 3518 339 3574 stamento
362 3517 416 3570 est
444 3503 628 3580 illustrata,
659 3517 692 3572 et
715 3508 827 3572 datum
850 3517 902 3571 ost
922 3507 958 3571 in
979 3525 1070 3571 novo
1092 3503 1155 3570 Te·

173 3605 338 3660 stamento
359 3611 560 3679 expressum
580 3594 771 3659 mandatum
794 3593 836 3658 de
859 3593 1057 3658 remissione
1077 3611 1155 3677 pec·

172 3684 336 3747 catomm:
371 3677 515 3758 Quom
548 3679 742 3745 retruseritis
767 3688 924 3762 peccata,
949 3679 1155 3744 remittentur

171 3768 236 3834 eit:
268 3765 414 3846 Quorum
444 3767 664 3846 retirmeritis,
697 3765 920 3830 retinebuntur
952 3765 1009 3830 eir.
1050 3764 1153 3846 item,

175 3853 251 3919 tior·
269 3852 357 3918 dabo
379 3854 487 3919 duces
501 3853 598 3959 repni
612 3853 790 3935 cocionum·
811 3852 971 3938 prtidquid
981 3852 1154 3950 topace-ts,

172 3948 204 4007 et
229 3939 389 4025 quidquid
420 3941 569 4019 soloerts,
602 3950 666 4004 ete.
712 3936 773 4003 llis
807 3938 905 4003 dietis
938 3937 1154 4002 biinrsterium

171 4026 353 4092 institutum
375 4036 445 4102 est,
466 4046 533 4130 spuo
554 4026 769 4092 annuntiatur
788 4037 927 4114 propter
948 4021 1066 4091 Filium
1088 4022 1153 4090 Dei

172 4131 334 4198 expresso
354 4111 508 4177 remissro
529 4125 757 4198 peecatorum.

257 4197 354 4262 ilaue
370 4215 488 4261 vocem
510 4208 642 4285 oportet
670 4216 733 4263 nos
754 4197 871 4263 audire
898 4207 1067 4283 tamquam
1094 4214 1154 4261 vo·

172 4305 244 4352 cern
256 4285 298 4349 de
309 4281 407 4350 coelo
419 4295 604 4349 sonantem.
638 4282 731 4349 llaec
745 4303 811 4349 uox
824 4294 877 4348 est
889 4282 1067 4370 obsignata
1079 4303 1153 4348 sau·

172 4373 272 4458 guine
293 4367 366 4435 Filii
387 4367 465 4449 Dei,
499 4370 675 4435 testificata
698 4371 852 4436 omuibus
874 4366 1042 4435 miraculis
1063 4368 1153 4454 Apo·

166 4453 345 4531 ,stolomm
389 4453 500 4522 Minus
522 4457 683 4522 debemus
717 4455 869 4521 dubitare
889 4456 944 4521 ,de
964 4454 1029 4520 bac
1054 4475 1152 4531 voce,

66 4543 70 4549 ’
172 4564 270 4630 quam
284 4544 326 4607 de
343 4561 433 4609 nova
444 4539 555 4630 aliqua
566 4561 652 4608 uoce
664 4553 807 4609 sonante
818 4543 860 4609 de
872 4539 977 4607 coelo.
1008 4540 1152 4615 Quando

83 4690 86 4705 ,
172 4630 268 4697 audis
289 4648 425 4694 voeemr
450 4628 525 4696 ilbi
542 4628 679 4713 peccam
700 4630 927 4693 remittuntur:
955 4630 1061 4694 debes
1082 4638 1152 4694 sta·
1229 4684 1234 4695 .

171 4729 278 4794 tuere,
293 4712 383 4779 lrauo
404 4736 482 4783 esse
503 4712 708 4783 voluntatem
731 4713 808 4793 Dei,
832 4717 887 4800 qui
909 4715 967 4781 tibi
978 4714 1153 4779 ennuntiat

171 4803 400 4871 murissionem
420 4816 646 4889 peccatorum.
669 4799 823 4868 Christus
845 4803 920 4885 ipse
937 4801 1073 4868 deducit
1087 4819 1151 4866 nos

172 4893 216 4960 ad
237 4887 463 4954 ministerium.

258 4973 475 5040 Ministerium
496 4974 599 5062 Legis
621 4993 682 5061 per
704 4993 754 5052 se,
776 4994 844 5039 non
866 4972 970 5039 babet
984 4973 1151 5038 remissio·

171 5084 247 5131 nem
268 5071 501 5145 peccatomtu3
523 5063 585 5126 sed
607 5061 810 5127 annuntiatio
833 5070 888 5126 est
908 5057 1000 5126 iacta
1020 5060 1053 5125 in
1076 5079 1150 5143 pro-

38 5188 46 5196 ·
171 5150 343 5226 missione,
366 5158 399 5211 et
416 5146 547 5233 quidem
568 5145 720 5214 hrvoluta
741 5143 802 5214 fuit
823 5149 857 5212 in
868 5147 1099 5232 promissione,
1116 5157 1151 5212 et

323 5280 473 5327 usnam.
485 5281 569 5332 (im.
580 5283 647 5328 vot..
658 5281 729 5330 m.

861 209 1081 280 resumes
1100 188 1506 281 muneremunere

1206 403 1348 469 subinde
1365 401 1531 488 explicata
1553 423 1615 489 per
1634 402 1840 490 propbetast
1869 405 1930 470 sed
1959 406 1993 471 in
2016 424 2106 472 novo
2128 403 2192 472 'l'e-

1207 500 1370 555 stameuto
1393 490 1503 577 magis
1526 501 1578 554 est
1594 485 1762 556 illustrata
1783 492 1976 577 promissio,
1999 505 2033 557 et
2056 493 2191 560 manda·
2261 489 2266 497 ’

1206 588 1275 642 tum
1297 576 1340 641 de
1362 577 1588 642 annuntianda
1606 577 1805 643 remissione
1826 590 2041 663 peccaturum
2063 592 2116 643 est
2137 599 2192 644 ex·

1231 681 1327 727 resse
1347 663 1513 729 traditum.
1559 661 1633 728 Hoc
1654 663 1774 750 ingens
1788 663 1983 730 beneficium
2006 686 2075 730 non
2096 663 2192 732 intel·

1206 684 1281 834 llgit
1300 745 1476 814 iuiimritas
1498 760 1531 814 et
1552 751 1711 836 angustia
1732 747 1897 816 humanae
1925 752 2065 829 mentis,
2099 751 2192 837 quod

1206 833 1301 900 Deus
1323 835 1421 900 mittit
1435 831 1559 899 retium
1582 837 1616 900 in
1647 854 1791 906 caruem.
1814 848 1848 901 et
1875 856 1937 921 per
1962 834 2053 903 huuc
2081 839 2192 921 ipsum

1207 917 1325 1001 Filium
1347 921 1404 986 dat
1413 921 1644 986 remissionem
1656 932 1883 1005 peccatorum,
1905 935 1939 987 et
1957 936 2093 1009 propter
2104 943 2192 990 eum·

1206 1006 1352 1073 instituit
1374 1019 1483 1072 autern
1506 1004 1609 1074 Filius
1631 1006 1860 1088 ministerium,
1882 1011 1916 1074 in
1939 1030 2005 1095 quo
2022 1010 2113 1075 iubet
2127 1027 2192 1076 suo

1207 1103 1241 1159 et
1262 1093 1367 1179 patris
1390 1093 1524 1159 nomine
1545 1104 1578 1158 et
1633 1093 1768 1174 utentia,
1800 1096 2000 1162 annuuntiare
2022 1096 2192 1162 remissio·

1206 1200 1284 1245 nem
1305 1190 1531 1264 peccatorum.
1621 1181 1652 1244 ie
1673 1198 1710 1243 er
1731 1187 1825 1266 sept:
1857 1181 1951 1246 Sicut
1975 1190 2076 1265 pater
2103 1180 2194 1248 misit

1206 1286 1264 1340 ute,
1286 1268 1338 1330 itu
1358 1286 1418 1352 epo
1439 1266 1530 1331 milio
1550 1285 1624 1332 vos:
1647 1267 1680 1330 id
1699 1267 1851 1346 est,Mea
1864 1289 1930 1333 vox
1953 1279 2006 1333 est
2028 1269 2102 1334 sine
2124 1263 2193 1334 ulle

1207 1352 1414 1418 dubitatione
1431 1348 1555 1419 efficax
1573 1354 1617 1417 ad
1637 1353 1740 1418 vitam
1762 1365 1949 1419 aeternamr
1972 1343 2023 1419 sie
2038 1356 2111 1420 sine
2123 1349 2193 1421 ulla

1207 1438 1413 1504 dubitatione
1435 1450 1551 1503 vestra
1579 1458 1648 1504 vox
1669 1438 1730 1504 erit
1754 1435 1877 1506 efficax
1901 1440 1946 1504 ad
1967 1440 2070 1506 vitam
2085 1450 2193 1507 aeter·

1207 1544 1294 1589 num.
1339 1523 1506 1612 Angustia
1528 1521 1693 1589 humanae
1714 1526 1834 1590 mentis
1857 1524 1939 1592 kaus
1958 1526 2048 1592 uicit
2065 1522 2194 1609 tossen,

1207 1611 1269 1676 sed
1291 1623 1405 1676 tanuen
1428 1630 1562 1676 oremus
1584 1608 1708 1688 Deum,
1730 1623 1767 1677 ut
1788 1613 1953 1678 accendat
1974 1614 2009 1679 in
2031 1614 2129 1679 nobis
2142 1609 2192 1678 lua

1206 1716 1295 1774 cem3
1317 1695 1405 1763 sicut
1426 1697 1548 1783 inquit:
1589 1695 1683 1763 Vodo
1715 1703 1747 1762 et
1767 1699 1892 1764 mittam
1914 1700 2012 1764 uirum
2040 1699 2193 1784 parade·

1204 1789 1285 1864 tum,
1306 1784 1366 1870 qui
1384 1783 1480 1850 ducet
1499 1802 1559 1850 oos
1580 1784 1616 1848 iu
1637 1802 1758 1849 onmes
1779 1787 1959 1851 veritates.

1473 1977 1547 2060 De
1574 1954 1760 2089 quarto
1792 1979 1935 2063 loco?

1293 2126 1460 2194 Dominus
1477 2123 1533 2190 bic
1544 2125 1637 2192 addit
1649 2128 1889 2195 testimouium:
1916 2128 2000 2208 Ouid
2010 2145 2192 2195 mumura-

1206 2213 1272 2281 tis?
1294 2213 1445 2280 Eiusdem
1466 2219 1516 2277 ert
1535 2217 1703 2298 potentiae
1723 2218 1888 2281 remittere
1908 2221 2058 2299 peccatu
2087 2222 2119 2279 et
2138 2232 2191 2280 su

1204 2320 1306 2368 nure:
1332 2300 1366 2365 id
1389 2310 1454 2379 est,
1477 2297 1621 2365 Messias
1645 2312 1698 2366 ost
1719 2298 1897 2379 Dominus,
1927 2301 1984 2387 qui
2002 2299 2092 2366 delet
2113 2319 2191 2384 pec·

1206 2398 1334 2465 catum,
1364 2396 1582 2462 emortum,
1615 2399 1649 2452 et
1676 2387 1795 2452 reddet
1817 2388 1993 2465 iustitiam,
2027 2397 2061 2452 et
2089 2388 2191 2452 vitam

1206 2482 1386 2539 aeternam.
1420 2472 1500 2536 ldeo
1521 2470 1614 2537 addit
1625 2484 1763 2557 posteat
1790 2473 1878 2539 Tolle
1890 2474 2098 2558 probitatum:
2122 2490 2191 2559 quo

1207 2559 1366 2637 ostendit,
1388 2577 1428 2623 se
1450 2558 1615 2643 imperare
1637 2561 1744 2632 morti.
1799 2560 1867 2627 iiie
1892 2559 1947 2625 ibr
1969 2560 2075 2624 esset
2103 2578 2193 2625 eom·

1206 2665 1339 2711 munem
1361 2644 1547 2709 doctrinam
1569 2643 1818 2724 miraculorum,
1865 2647 1931 2710 uod
1952 2643 2193 2712 miraculasiut

1207 2731 1397 2797 testimonia
1419 2731 1607 2809 doctrinae,
1628 2733 1763 2815 etqnod
1780 2667 1935 2797 Ecclesia
1947 2732 2079 2809 habeat,
2092 2748 2191 2816 qrrae·

1206 2818 1281 2883 dam
1328 2819 1441 2900 ropria
1463 2816 1623 2883 miracula
1643 2817 1852 2884 inimitabilia
1872 2815 2038 2883 Diabolis.
2068 2816 2192 2883 Diabo-

1206 2839 1396 2991 lusallqua
1418 2914 1530 2989 potest
1551 2904 1682 2984 imitari,
1705 2907 1768 2971 sed
1789 2925 1856 2971 nou
1879 2916 1991 2989 potest
2011 2900 2127 2970 iacere
2148 2922 2192 2970 ex

1206 3010 1260 3071 eo,
1283 2991 1373 3077 quod
1394 2987 1477 3054 nibil
1498 3000 1563 3069 est,
1585 2987 1731 3077 aliquid;
1757 3012 1824 3057 non
1846 3002 1958 3076 potest
1981 3010 2098 3057 creare
2119 3010 2192 3057 rem

1204 3097 1340 3156 novam,
1361 3096 1429 3143 nou
1451 3086 1564 3163 potest
1585 3086 1719 3143 mortuo
1740 3078 1923 3144 restituere
1938 3079 2053 3143 vitam.

1472 3271 1546 3356 De
1578 3272 1756 3384 quinto
1787 3271 1923 3357 loeo?

1292 3438 1446 3505 Gestatio
1469 3439 1634 3522 grabi-ati,
1657 3439 1714 3505 hle
1735 3439 1812 3506 ideo
1834 3437 1884 3519 iit,
1904 3449 1942 3504 ut
1963 3438 2008 3503 sit
2028 3432 2191 3502 illustrior

1206 3526 1372 3592 restitutio
1391 3524 1560 3590 sanitatisr
1583 3527 1656 3590 Dus
1675 3544 1752 3591 mun
1773 3525 1862 3606 seba,
1877 3523 1973 3608 ¹dass
1999 3542 2037 3589 er
2057 3543 2114 3610 sep
2136 3542 2190 3609 pe·

1205 3612 1290 3677 need
1310 3612 1454 3677 worden.
1498 3606 1705 3698 paralyticus
1725 3631 1792 3677 non
1814 3623 1927 3697 potest
1944 3629 2189 3685 moveremem·

1204 3699 1280 3780 bra,
1302 3699 1435 3784 quaudo
1466 3697 1560 3761 nervi
1589 3711 1667 3763 suut
1694 3694 1900 3786 langueiaeti
1926 3697 2027 3762 nimia
2053 3695 2190 3762 humidi·

1205 3795 1285 3863 tate,
1307 3781 1364 3851 vel
1385 3780 1482 3849 malis
1504 3781 1711 3864 humoribus,
1734 3785 1790 3872 qui
1813 3785 1902 3850 aucti
1931 3792 2010 3849 sunt
2031 3783 2190 3933 intemperer

1206 3871 1323 3936 raetia.
1366 3870 1427 3935 Du
1448 3871 1493 3936 ist
1524 3869 1597 3935 lein
1618 3881 1747 3952 motus,
1780 3870 1867 3936 Mau
1892 3868 1965 3937 icon
1995 3869 2051 3935 die
2080 3869 2131 3954 pli
2187 3942 2192 3957 ι

1204 3957 1293 4040 uicit
1312 3976 1422 4043 repen.
1464 3953 1558 4044 Ergo
1581 3966 1660 4022 sunt
1682 3958 1906 4042 conspiciatur
1930 3955 2069 4021 inuitas
2091 3954 2190 4020 robo-

1205 4044 1264 4123 ris,
1283 4044 1377 4109 iubet
1399 4062 1475 4108 eum
1497 4038 1617 4109 tollore
1639 4045 1849 4130 grabbatum.
1883 4043 1978 4110 Sicut
1994 4038 2081 4108 alias
2099 4040 2189 4127 apud
2222 4050 2225 4056 “

1204 4129 1397 4210 Iohannem,
1421 4128 1479 4196 Do
1505 4132 1554 4196 sie
1585 4131 1638 4194 ein
1655 4147 1755 4215 prose
1776 4141 1950 4216 peecatum
1972 4130 2102 4194 dorcas
2121 4147 2190 4194 uto·

1204 4216 1296 4296 eden,
1312 4215 1408 4367 -tpuod
1430 4216 1580 4282 Sabbato
1604 4227 1717 4304 gestet
1738 4218 1937 4305 grabbatum
1958 4212 2036 4295 ille,
2058 4214 2115 4301 qui
2137 4234 2189 4281 su·

1203 4313 1302 4368 uatus
1340 4312 1444 4368 uerat.
1489 4300 1596 4368 Simul
1617 4314 1727 4369 autem
1757 4314 1870 4390 typus,
1899 4321 1962 4369 seu
1982 4303 2115 4388 pictura
2136 4310 2189 4367 est

1203 4385 1345 4455 illustris
1362 4390 1396 4455 in
1413 4391 1480 4454 ista
1502 4389 1702 4475 gestatione.
1747 4386 1899 4463 Quassus

1232 4583 1382 4669 Utrum
1412 4582 1565 4668 Davidi
1600 4581 1751 4666 suerint
1780 4581 1946 4666 remissa
1976 4592 2156 4695 peccata,

1233 4706 1398 4817 quando
1429 4705 1596 4789 Nathan
1635 4703 1735 4787 dicit
1764 4705 1819 4787 ad
1849 4731 1965 4786 eumz
1995 4713 2155 4779 Durium

1469 4819 1604 4885 mandit
1623 4826 1793 4904 peceatum
1816 4815 1924 4884 uum?
1991 4916 2001 4923 ..

1288 4973 1348 5039 m.
1393 4956 1535 5039 contra:
1569 4972 1688 5050 rama
1716 4972 1833 5038 naeu
1859 4980 1909 5037 est
1927 4973 2043 5057 peren
2062 4971 2099 5036 u
2119 4970 2185 5036 aa

1330 5062 1418 5140 lium,
1439 5067 1471 5125 et
1491 5061 1773 5126 nudauitmultos
1783 5077 1921 5144 mumius
1934 5077 2075 5143 poenus:
2094 5056 2188 5145 Erpo

1329 5165 1396 5214 nou
1415 5145 1528 5213 boum
1548 5148 1768 5214 remissionem
1786 5153 2006 5233 pumturum

1940 5266 1983 5314 m
