4620 5588
135 217 202 288 aar
828 213 1046 282 rosrmm
1066 211 1466 284 mensurnorum.
1683 283 1690 297 ,
1970 201 1976 213 ’
2073 169 2153 286 ἐει

135 415 198 476 rite
218 412 302 475 tren:
322 407 356 472 id
375 418 440 486 est,
461 407 496 471 in
519 359 697 471 vocalione
717 416 785 471 tua.
835 403 939 472 Nten
952 425 1024 471 stent
1043 410 1118 488 fur·
1140 422 1147 527 Ι
1169 405 1305 470 creatis.
1358 402 1404 469 Ut
1426 426 1501 470 cum
1528 404 1563 470 in
1586 400 1721 471 Psalmo
1755 406 1887 474 dicitur:
1910 407 1986 474 'eutr
2013 413 2148 491 ειιρειιε.

135 503 218 567 ntts,
250 497 396 562 conten
427 494 489 561 dor
520 495 576 558 nr
610 494 685 560 Gott
713 493 863 576 besoblen
894 495 960 559 tet.
1019 491 1119 559 Dtese
1169 489 1262 569 item,
1285 498 1451 559 orinirtroe
1472 500 1507 557 et
1520 497 1728 576 principatur
1752 499 1836 577 tecit
1860 500 1945 561 nem
1965 501 2070 576 ionem
2086 501 2149 580 tia·

135 592 219 649 nort
246 588 290 647 tm
312 576 449 645 Psalmo
482 581 615 648 mercia.
671 577 715 644 Et
748 579 839 663 agite
872 578 997 664 gratias
1029 576 1117 656 Deo,
1165 588 1326 660 orantem.
1372 576 1481 644 Credo
1515 579 1613 642 etiam
1646 575 1727 644 illud
1757 581 1799 645 de
1824 578 1911 646 Pilio
1932 578 1997 646 Dei
2030 579 2148 658 intellie

135 690 198 754 pre
219 668 287 733 boc
310 664 483 732 beneficio.
517 663 630 752 Atque
651 667 776 731 utinam
788 662 882 730 Deus
903 664 976 748 ipse
997 683 1117 731 accen·
1169 664 1312 750 gendum
1335 684 1422 742 esse,
1448 666 1567 735 eastra
1587 672 1728 732 metetm·
1748 672 1837 733 circo
1856 674 2023 734 tirnentnrn
2033 670 2148 736 Dernn.

137 754 194 819 dat
213 755 319 821 corda
340 762 476 830 nostra,
506 761 544 818 ut
564 752 733 836 possimus
762 747 823 815 illa
849 751 995 836 ingentia
1017 751 1118 816 bene·
1167 751 1315 832 Anneius
1342 751 1482 817 Domini.
1537 749 1612 836 lpse
1640 749 1744 817 Filius
1766 750 1831 818 Dei
1853 764 1906 818 εει
1939 764 2055 819 custos
2084 752 2148 820 Ee
2275 806 2279 811 .

136 839 213 906 licia
234 857 431 927 agnoscere.
1142 873 1145 881 ·
1169 834 1309 901 clasiae:
1331 837 1406 904 Der
1426 844 1472 903 tet
1490 841 1551 904 der
1573 838 1640 902 dux
1651 848 1685 902 ει
1701 839 1907 924 capitaneus,
1923 851 1965 904 et
1982 837 2149 927 capereris

221 926 299 992 Nun
330 932 417 991 murt
442 925 496 989 iter
517 925 579 989 dor
599 925 681 989 nien
713 929 851 991 nissen:
882 921 1004 1008 Angell
1039 934 1117 988 sunt
1139 900 1146 1014 Ι
1167 920 1363 1009 angelorum
1395 934 1598 989 sanctorum.
1659 923 1750 988 idem
1783 926 1937 991 timentes
1975 947 2049 992 eum
2082 927 2146 992 cir·

137 1014 344 1078 substantiae
367 1007 570 1095 spirituales,
598 1010 659 1074 sed
686 1019 796 1075 tamen
824 1011 857 1074 in
881 1007 1022 1094 Angelis
1039 1019 1118 1076 sunt
1169 1007 1365 1076 cumvallat:
1395 1011 1428 1075 id
1462 1022 1526 1081 est,
1548 1007 1651 1075 Pilius
1673 1008 1738 1076 Dei
1763 1008 1865 1077 habet
1889 1023 2012 1085 castra,
2044 1010 2147 1078 babet

161 1098 305 1165 otentiae
327 1094 516 1162 dissimiles.
559 1096 635 1161 Non
662 1107 755 1162 totus
782 1092 924 1184 angelus
948 1106 1000 1161 εει
1021 1093 1117 1160 lntel·
1167 1115 1311 1183 magnos
1333 1097 1499 1162 exercitus
1521 1093 1716 1183 angelorum
1739 1099 1828 1163 circa
1850 1094 2048 1164 Ecclesiam.
2081 1096 2168 1172 Ex»
2293 1115 2298 1140 ¹

135 1120 285 1272 ligantia,
311 1185 373 1249 sed
394 1184 428 1248 iu
449 1180 571 1270 angelo
605 1192 657 1246 est
689 1185 836 1267 potentia
867 1179 1058 1266 intelligens
1085 1192 1118 1247 et
1167 1184 1302 1267 pendite
1322 1180 1389 1247 boc
1411 1183 1546 1262 dictum,
1578 1184 1760 1269 etquidem
1782 1184 1851 1265 sic,
1884 1195 1920 1250 ut
1941 1186 2050 1272 agatis
2073 1205 2147 1271 gra·

136 1268 267 1349 volens,
300 1290 387 1356 quae
400 1270 570 1355 praecipit
595 1265 830 1334 locomotivee.
873 1267 949 1333 Non
971 1280 1024 1334 est
1044 1266 1116 1334 inii·
1139 1275 1144 1300 '
1168 1270 1231 1333 tias
1264 1268 1351 1336 Deo.
1414 1267 1531 1355 Legite
1564 1270 1661 1334 etiam
1694 1267 1879 1355 Epistulam
1913 1269 2030 1348 lutiae,
2070 1271 2148 1357 quia

134 1359 205 1423 nita
227 1368 356 1434 natura,
379 1358 466 1421 sieut
487 1376 552 1421 nec
568 1353 680 1420 bomo.
725 1350 848 1439 Angeli
870 1355 1004 1420 suntin
1021 1365 1115 1419 certo
1166 1355 1304 1421 multum
1327 1356 1373 1421 ibi
1402 1368 1454 1420 est
1476 1357 1650 1421 doctrinae
1672 1353 1918 1422 Grammaticus
1951 1367 1985 1422 ει
2004 1353 2148 1423 Theolo-

133 1441 225 1523 loco,
259 1455 293 1509 et
309 1445 352 1508 ad
375 1444 457 1507 certi
485 1441 552 1508 loci
574 1441 761 1506 distantiam
784 1451 904 1526 egunt:
938 1452 973 1505 et
1006 1452 1115 1506 tamen
1167 1443 1272 1528 gicae.
1307 1440 1545 1507 Percurremus
1566 1462 1656 1510 nunc
1673 1442 1820 1508 breviter
1836 1445 2016 1530 praecipua
2037 1444 2148 1528 capita

18 1548 27 1566 ¹
133 1549 268 1616 semper
300 1530 413 1594 vident
443 1527 562 1594 taciem
595 1527 720 1593 Patris:
752 1528 830 1612 quia
865 1525 959 1592 Deus
992 1528 1115 1676 ubitpoe
1167 1528 1238 1593 eius
1261 1525 1436 1614 epistolae.

133 1618 248 1682 adeste
271 1629 304 1679 et
322 1615 510 1699 ubicunque
521 1635 560 1680 se
572 1614 728 1686 ostendit,
748 1613 898 1680 'cernitur
913 1615 956 1678 ab
972 1615 1114 1701 engeis.

133 1700 276 1768 Debetis
295 1701 487 1766 discernere
508 1697 650 1787 angelos
672 1721 693 1766 a
715 1702 863 1786 potentia
885 1699 1021 1765 infinita.

222 1786 401 1852 Praeterea
423 1787 602 1853 hocetiam
632 1788 855 1852 considerate.
903 1785 1029 1850 Verum
1052 1798 1115 1867 est,
1165 1773 1601 1887 Argumentum
1640 1775 1940 1888 epistolae
1977 1774 2145 1859 Iudae.
2195 1846 2196 1850 ,

135 1876 224 1959 quod
247 1870 350 1938 Filius
371 1871 436 1938 Dei
460 1894 525 1938 non
548 1875 696 1938 estsine
725 1874 881 1939 comitatu
903 1869 1114 1958 angelorum:

133 1962 197 2026 sed
219 1971 354 2044 oportet
371 1973 483 2026 tamen
504 1961 697 2025 discernere
719 1960 926 2038 testimonia,
959 1979 1045 2045 quae
1066 1958 1115 2024 lo·
1251 1956 1337 2022 Tota
1365 1957 1508 2043 epistola
1535 1971 1589 2024 εει
1620 1953 1828 2036 exhortatio,
1862 1971 1897 2024 ut
1929 1969 2147 2044 perseverent

157 2058 279 2113 uuntur
313 2048 355 2111 de
388 2043 462 2111 aliis
496 2042 638 2132 angelis,
671 2056 705 2110 et
738 2065 826 2131 quae
858 2043 1039 2130 loquuntur
1073 2047 1115 2112 de
1165 2045 1199 2109 in
1221 2042 1299 2123 lide,
1317 2045 1539 2124 invocatione,
1561 2057 1593 2111 et
1613 2043 1770 2112 inchoata
1793 2046 1991 2125 obedientia,
2013 2056 2147 2129 sumpta

132 2067 218 2199 ltro
256 2131 320 2197 Dei
357 2127 589 2217 principaliter.
651 2128 734 2197 Cum
775 2131 955 2196 Sodomam
995 2153 1115 2198 versus
1165 2152 1190 2206 a
1208 2131 1461 2197 comminatione
1483 2152 1678 2215 poenarum,
1708 2152 1847 2218 quarum
1868 2129 1971 2197 multa
1993 2129 2148 2216 exempla

132 2220 239 2285 tendit
271 2218 375 2284 Filius
407 2219 494 2295 Dei,
525 2216 638 2304 angeli
671 2237 746 2283 eum
784 2219 993 2282 comitentur.
1059 2220 1116 2284 Sic
1166 2218 1336 2305 congerit:
1371 2217 1452 2284 Sitis
1475 2219 1723 2304 circumspecti,
1750 2219 1868 2304 inquit,
1890 2229 1924 2283 et
1954 2213 2146 2304 vigilantes,
2280 2296 2285 2306 q

132 2302 211 2371 alibi
246 2302 351 2370 Filius
383 2302 449 2370 Dei
481 2323 549 2369 non
581 2300 642 2371 luit
674 2305 748 2369 sine
780 2305 957 2381 comitatu,
990 2315 1023 2371 et
1057 2326 1115 2370 en·
1164 2305 1299 2370 metuite
1320 2323 1465 2394 poenasj
1488 2301 1605 2391 quales
1627 2304 1756 2388 experti
1778 2314 1856 2369 sunt
1878 2301 2010 2391 angeli,
2042 2299 2147 2368 homi·

134 2390 200 2479 geli
233 2401 314 2456 sunt
346 2389 524 2494 efficaces,
557 2391 792 2539 suppeditante
815 2388 889 2454 Deo
916 2391 1025 2456 vireat
1054 2391 1115 2458 sed
1165 2409 1231 2495 nes
1250 2390 1282 2454 in
1305 2389 1465 2496 Sodoma,⁸
1496 2401 1560 2455 etc.
1595 2387 1717 2496 ⁸Addit
1745 2391 1843 2456 etiam
1866 2401 2003 2476 posteat
2039 2391 2148 2455 veniet

133 2491 247 2543 tamen
269 2488 402 2561 oportet
423 2477 567 2541 drscemr
582 2475 620 2541 Fr
635 2497 700 2541 rum
719 2475 783 2540 Der
805 2485 839 2541 ει
859 2474 1011 2561 angelos.
1045 2476 1116 2543 An·
1164 2475 1322 2553 radicum,
1344 2487 1378 2543 et
1401 2477 1493 2556 dtcrt,
1515 2473 1627 2625 puelia
1647 2487 1714 2542 smt
1735 2473 1846 2542 sutura
1867 2488 2037 2562 postrema
2064 2486 2146 2540 tem·

134 2561 244 2651 gelus,
267 2563 323 2648 qui
344 2560 490 2627 luctatur
508 2582 582 2626 cum
595 2561 725 2640 iacob,
759 2573 811 2626 est
828 2558 932 2628 Filios
953 2561 1037 2644 Dei,
1071 2565 1115 2630 de
1164 2581 1260 2645 pora,
1287 2559 1408 2648 quales
1429 2562 1496 2627 sint
1530 2572 1648 2627 uturae
1679 2563 1845 2643 miseriae,
1878 2583 1978 2649 quam
2009 2562 2148 2628 misera·

133 2670 175 2715 eo
196 2650 303 2735 inquit
323 2646 441 2714 Iacob:
463 2651 642 2715 Benedicat
660 2654 708 2714 ets
725 2650 875 2732 Anneius,
896 2655 952 2730 qni
970 2669 1022 2716 rne
1038 2653 1114 2718 noe-
1165 2645 1241 2713 bilis
1264 2649 1460 2734 gubernatio
1487 2645 1671 2714 Ecclesiae.
1727 2647 1763 2713 ln
1785 2648 1853 2715 tine
1881 2649 2001 2734 repetit
2022 2647 2147 2714 adbor·
2265 2669 2269 2677 ·

132 2745 221 2803 rcoit
239 2757 283 2802 ee·
309 2736 455 2803 omnibns
476 2739 581 2802 motis.
626 2731 717 2814 Item,
738 2732 842 2799 Filius
874 2732 941 2799 Dei
972 2747 1026 2800 est
1054 2735 1113 2803 illa
1164 2736 1321 2801 tationem
1343 2736 1387 2801 ad
1405 2735 1699 2821 perseverantiam.
1744 2735 1842 2801 Hanc
1870 2732 2046 2821 epistolam
2070 2753 2149 2800 cum

131 2821 287 2910 angelus,
310 2822 352 2887 de
375 2843 441 2908 quo
463 2817 587 2887 Daniel
609 2820 704 2886 dicite
731 2822 806 2888 Stet
826 2839 891 2904 pro
913 2827 1034 2906 populo
1054 2842 1114 2892 nto
1163 2816 1288 2906 legitis,
1322 2824 1421 2888 etiam
1453 2842 1517 2888 vos
1548 2823 1644 2909 ipsos
1676 2824 1881 2890 exsuscitate
1910 2822 1954 2888 ad
1985 2839 2144 2913 perseve-

131 2929 242 2977 eoran
262 2912 342 2993 Deo,
363 2916 396 2975 ει
417 2916 471 2975 εει
487 2911 558 2975 dne
573 2908 689 2993 populi
707 2914 767 2974 sut
806 2908 864 2973 Sic
885 2905 1025 2995 angelus
1043 2907 1112 2991 ille,
1163 2907 1312 2972 rentiam.

131 2996 190 3083 qui
210 2997 398 3061 nominatus
422 3005 477 3062 εει
496 2998 642 3078 ΜιεΙιεει,
664 2994 825 3061 dimicans
848 3016 923 3062 cum
944 2992 1114 3078 Dracone,
1249 2995 1297 3060 nr
1317 2999 1362 3062 itt
1375 2995 1452 3061 ubet
1476 3001 1608 3078 verim,
1640 2993 1870 3080 διφενεενιειε
1895 2997 1978 3078 fide:
2011 2995 2057 3061 Es
2083 2997 2151 3062 solt

132 3095 185 3149 est
206 3081 310 3148 Pilius
331 3080 406 3146 Dei.
448 3084 521 3149 Dar
542 3089 624 3151 roert
643 3078 807 3160 lllichael,
836 3095 890 3148 est
911 3082 1113 3150 vocabulum
1162 3099 1256 3165 reyn,
1278 3081 1450 3165 Adhortor,
1470 3091 1507 3149 ot
1526 3083 1685 3150 dimetiri
1701 3100 1767 3168 pro
1786 3084 1861 3165 nee,
1884 3093 1967 3165 pune
1987 3089 2041 3149 eet
2057 3081 2147 3149 vobit

133 3171 338 3236 conveniens
359 3166 445 3233 Filio
465 3166 547 3235 Deir
580 3171 659 3255 quia
680 3167 863 3256 significat:
896 3175 967 3252 puis
994 3182 1046 3239 εει
1068 3178 1113 3239 ri·
1163 3170 1302 3249 nonna,
1333 3177 1371 3235 nt
1388 3171 1465 3236 rttit
1491 3171 1610 3239 mones
1634 3177 1881 3253 propnenontee
1912 3171 2011 3250 fidene
2031 3177 2150 3236 conns

130 3262 219 3322 mitta
250 3258 348 3322 Deo?
379 3256 452 3338 puis
483 3261 570 3323 sient
602 3259 724 3322 Dens?
778 3252 841 3320 illa
879 3275 1027 3340 persona
1059 3269 1113 3323 εει
1162 3256 1343 3339 Diabolum,
1376 3264 1417 3339 et,
1436 3256 1584 3323 nominer
1607 3260 1717 3324 nator.
1782 3253 1913 3321 Videtis
1947 3275 2032 3340 opus
2065 3273 2148 3321 εεεε

133 3339 283 3427 aequalis
304 3339 392 3420 Deo,
424 3338 527 3405 babet
558 3337 740 3426 perlectam
761 3340 1026 3424 similitudinem,
1057 3340 1115 3410 vel
1164 3343 1355 3429 cognitione
1375 3339 1572 3428 linguarum,
1593 3353 1631 3408 ut
1652 3339 1764 3407 fontes
1785 3339 2025 3428 intelligantur.

131 3425 383 3512 aequalitatem,
414 3427 627 3511 sapientiam,
660 3439 694 3493 et
721 3427 878 3494 iustitiam
907 3428 1112 3496 immensam.
1253 3428 1314 3504 Oui
1334 3434 1545 3512 transferrent
1561 3430 1597 3495 in
1616 3429 1798 3508 iterantem]
1819 3428 1897 3494 sind
1915 3431 2144 3511 betttqeroort,

132 3512 183 3578 lta
204 3510 351 3579 Michael
381 3523 434 3577 est
461 3533 582 3579 nomen
604 3510 677 3578 Filii
697 3511 773 3577 Dei.
795 3592 796 3595 Ἴ
816 3516 881 3580 Dte
903 3516 1033 3583 andern
1054 3535 1113 3580 vo·
1163 3512 1220 3596 qni
1252 3512 1457 3580 transferunt
1489 3515 1629 3600 gretiam
1661 3513 1727 3579 Dei
1756 3515 1799 3578 ad
1827 3509 2055 3599 petulentiam,
2088 3509 2145 3579 vel

134 3598 257 3666 cabula
278 3599 356 3665 sind
370 3599 504 3664 nomina
524 3600 789 3666 ministeriorum.
837 3599 977 3679 Gabriel,
1008 3605 1114 3668 robor
1162 3598 1350 3666 lasciviam.
1392 3603 1549 3684 Ασέλγειν,
1583 3606 1627 3668 ist
1659 3608 1714 3668 ein
1738 3601 1813 3668 bilae
1844 3609 1945 3669 teort:
1975 3598 2146 3686 significat
2244 3620 2250 3631 ‘
2298 3654 2301 3667 .

131 3683 209 3764 Dei,
231 3682 286 3751 val
306 3686 480 3767 robustus,
504 3684 615 3765 sortis,
642 3685 766 3751 missus
787 3683 912 3751 aDeo.
954 3692 1114 3774 liapheri,
1163 3684 1377 3770 petulantiam
1404 3687 1462 3754 vel
1487 3688 1664 3775 nequitiam
1690 3684 1891 3773 affeomtam5
1919 3684 2063 3770 ἀσελγῶς,
2085 3706 2144 3774 pe·

132 3772 258 3851 idest,
294 3773 463 3851 medicus,
494 3773 618 3838 missus
639 3792 660 3838 a
681 3770 767 3838 Deo.
810 3776 911 3840 nere
937 3786 1020 3842 trort
1038 3777 1116 3842 sind
1163 3769 1319 3841 tulanter.
1362 3773 1543 3840 Peccatum
1564 3772 1688 3842 lactum
1709 3771 1864 3857 ἀσελγεῖς,
1894 3772 2003 3839 differt
2022 3775 2067 3838 ab
2090 3793 2144 3853 eo,

132 3867 281 3940 εειιιρεν,
302 3862 390 3925 dean
411 3862 472 3926 dar
488 3870 572 3927 mort
589 3856 744 3925 Michael.
840 3869 842 3875 ·
1164 3861 1252 3944 quod
1275 3868 1327 3925 est
1349 3880 1390 3926 ex
1416 3860 1604 3926 infirmitate
1634 3858 1768 3929 iactum.
1822 3863 1869 3927 Er
1889 3859 1995 3927 etebet
2022 3860 2056 3924 in
2078 3857 2144 3925 De·

219 3945 255 4010 ln
278 3943 420 4010 historia
442 3947 484 4011 de
504 3949 613 4012 tribus
635 3947 737 4012 sociis
759 3943 922 4027 Danielis,
951 3949 1112 4014 coniectis
1134 3912 1139 4004 l
1163 3945 1340 4012 mosthene
1361 3952 1429 4031 etsi
1469 3946 1547 4012 Non
1569 3945 1677 4013 solum
1701 3959 1753 4013 est
1764 3947 2008 4012 consideranda
2029 3944 2143 4034 plaga,
2283 3965 2288 3971 ·

132 4028 389 4137 intiornaoem,
404 4119 413 4136 .
428 4034 526 4098 etiam
558 4033 746 4139 nominatur
777 4030 937 4139 angelus,
971 4036 1027 4120 qui
1059 4046 1113 4100 est
1135 4043 1141 4154 Ι
1163 4032 1224 4098 sed
1252 4054 1296 4099 an
1328 4034 1372 4099 sit
1403 4030 1528 4101 iactum
1555 4054 1597 4100 ex
1629 4032 1780 4125 ἀσελγείᾳ,
1812 4053 1874 4100 aar
1905 4040 2009 4099 einen
2039 4035 2144 4099 nwtlt·

131 4115 236 4183 Filius
269 4117 351 4183 Deir
385 4130 473 4185 siout
492 4117 615 4185 Daniel
649 4139 724 4184 eum
756 4116 932 4186 manifeste
963 4118 1113 4206 appellat
1163 4124 1279 4204 nmen,
1300 4117 1499 4204 petulanter,
1520 4130 1584 4186 etc.
2089 4192 2097 4201 ,

131 4207 362 4272 Bru-Elottrn:
383 4206 416 4270 id
438 4215 501 4284 est,
524 4203 629 4271 Filius
643 4205 720 4284 Dei,
742 4205 805 4272 der
819 4211 927 4274 stellet
940 4204 1113 4273 visibiliter
1249 4209 1395 4274 Scientn
1424 4211 1526 4274 reniet
1554 4209 1677 4288 omnm]
1710 4207 1744 4272 in
1762 4203 1895 4271 Graeco
1922 4208 2029 4272 stebet
2056 4207 2148 4275 ntcbt

130 4292 165 4356 in
187 4292 267 4378 igni.
312 4290 426 4357 Proba
455 4292 552 4357 etiam
579 4312 641 4377 per
669 4292 841 4363 rationem.
893 4293 980 4368 Quia
1003 4291 1112 4360 solius
1164 4295 1274 4359 omnia
1281 4339 1293 4374 ,
1325 4295 1387 4359 sed
1409 4289 1516 4367 dnae.-
1548 4294 1669 4373 idest,
1702 4311 1765 4358 vos
1798 4293 1992 4358 universum
2020 4310 2144 4377 corpus
2284 4332 2294 4344 ·

132 4380 222 4441 omni
254 4379 398 4462 potentis
431 4389 570 4468 naturae
609 4391 662 4444 est
698 4380 878 4462 reprimere
914 4383 981 4446 vim
1013 4380 1111 4465 ignis.
1163 4379 1336 4446 doctrinae
1375 4377 1637 4447 Ecclesiasticae
1675 4378 1781 4446 scitis.
1847 4378 1949 4445 Scitis
1976 4373 2145 4444 historica

49 4540 54 4546 ,
131 4460 285 4528 Potentia
302 4461 605 4551 angelornm'linita
622 4475 802 4530 nonmutat
820 4476 980 4532 naturam.
1015 4470 1113 4533 Wenn
1162 4462 1235 4531 illa:
1266 4465 1409 4539 Quando
1443 4467 1555 4531 aduxit
1576 4463 1735 4553 populum
1757 4485 1797 4530 ex
1818 4466 1995 4553 Aegypto,
2026 4469 2087 4532 bat
2105 4485 2145 4532 er·

132 4551 194 4615 dar
223 4555 328 4632 fener
360 4555 496 4629 brenni,
534 4571 600 4615 non
629 4560 741 4635 potest
780 4552 929 4635 impediri
964 4554 1112 4638 potentia
1161 4559 1212 4619 rte
1246 4555 1435 4634 eletcnreobt
1457 4559 1608 4638 aestrelt.
1653 4554 1706 4620 Sic
1726 4569 1930 4620 nos‘sumus
1964 4551 2077 4638 vocati
2100 4551 2143 4616 ad

133 4637 287 4701 ordinate
308 4649 545 4702 creaturarum.
601 4634 670 4702 Sed
691 4634 793 4702 Filius
811 4637 876 4704 Dei
908 4641 954 4705 lbi
981 4659 1111 4725 repres-
1162 4640 1363 4723 agnitionem
1385 4637 1575 4726 Evangeliiz
1608 4639 1812 4726 castigamur
1845 4651 1974 4718 tamen,
2008 4647 2042 4702 et
2075 4656 2144 4704 uon

133 4723 177 4784 sit
198 4724 263 4786 vim
286 4723 383 4808 ignis.
435 4722 471 4787 Si
494 4721 588 4788 fieret
608 4721 676 4790 tale
708 4721 832 4809 aliquid
858 4746 919 4807 per
943 4723 1110 4811 angelum,
1160 4722 1290 4790 leviter.
1659 4770 1666 4779 -

133 4818 242 4872 tamen
266 4806 358 4874 lieret
380 4830 447 4874 non
465 4821 579 4876 creata
605 4811 769 4895 potentia,
802 4811 863 4876 sed
892 4813 1040 4896 potentia
1062 4813 1137 4876 di·l
1246 4814 1320 4878 Non
1340 4817 1538 4891 retinentes]
1556 4807 1649 4899 Ergo
1672 4824 1751 4877 sunt
1773 4787 1897 4877 conditi
1910 4809 2001 4889 boni,
2021 4809 2144 4890 sancti,
2259 4863 2273 4893 ,

97 4955 101 4961 ,
133 4893 221 4959 vina.
266 4892 314 4959 lta
337 4897 561 4975 considerate,
583 4899 639 4962 nbi
656 4895 715 4961 liat
736 4898 857 4961 mentio
876 4898 917 4961 de
938 4896 1021 4963 Filio
1034 4897 1111 4977 Dei,
1161 4909 1195 4962 et
1216 4917 1280 4964 sua
1301 4895 1472 4963 voluntate
1489 4895 1575 4984 lapsi
1596 4907 1686 4966 sunt.

133 4981 220 5045 sicut
237 4978 434 5068 plerumque
454 4982 503 5062 iit,
523 4984 582 5049 ubi
602 4980 744 5071 angelus
771 4985 960 5050 nominatur
986 4986 1019 5049 in
1042 4987 1109 5050 sin·
1248 4987 1411 5064 Sodoma]
1434 4980 1523 5051 aliud
1545 4980 1742 5069 exemplum.

134 5063 257 5218 {plari
275 5070 424 5153 -quamlo
457 5070 491 5134 in
523 5068 644 5157 plurali
679 5071 715 5135 iit
752 5070 875 5134 mentio
902 5070 1111 5158 angolorum,
1257 5075 1316 5138 Vae
1338 5072 1412 5152 etto,
1434 5077 1584 5153 quantem
1604 5073 1754 5138 mercede
1781 5075 1879 5153 effusi
1898 5073 1992 5154 nent]
2017 5068 2051 5134 ld
2078 5079 2143 5148 est,

21 5201 34 5209 -
167 5155 253 5221 citur
286 5154 328 5221 de
367 5152 497 5244 magnis
532 5159 751 5236 exercitibus,
792 5155 865 5222 siva
894 5158 937 5224 de
968 5155 1114 5245 angelis.
1162 5157 1220 5245 qul
1241 5168 1380 5245 propter
1406 5158 1579 5242 pecuniam
1611 5169 1829 5245 corrmnpuot
1862 5157 2044 5223 veritatem.
2088 5153 2143 5219 lli·
