4620 5588
109 194 123 209 '
167 200 242 289 'iio
817 218 929 286 urin
951 216 1055 288 nun
1077 219 1265 289 sonrrra
1287 218 1553 289 monaca.
1680 258 1685 269 ›
2123 204 2192 290 r'r‘a

263 409 315 472 Ne
331 412 527 480 eairtimeiie,
546 408 776 492 'paodvmm'm
788 408 1025 471 adridendum
1037 409 1157 492 deperiri
1181 413 1187 443 ¹
1210 408 1303 477 nulla
1326 422 1480 477 ereatura
1501 408 1673 498 intelligit,
1695 412 1758 476 nisi
1781 410 1950 477 Christus:
1983 413 2045 478 etsl
2077 412 2192 481 sancti

74 486 92 505 “
177 496 346 565 Praelatio
369 507 443 576 est,
475 498 508 562 in
531 517 597 582 qua
614 497 794 581 respondet
818 496 940 560 tacitae
963 497 1158 563 obiectant:
1211 497 1312 582 aliqui
1335 496 1460 563 habeut
1484 496 1648 584 guttulam
1671 499 1822 585 exiguam
1844 495 1934 565 illius
1959 496 2084 564 doloris
2108 518 2191 566 cou-

177 582 331 651 Clrrisius
358 604 433 648 cum
468 583 579 657 venit,
612 583 736 647 taxavit
758 582 1010 666 superstitiosus
1032 583 1159 667 opinio·
1210 584 1379 649 scientiae.
1407 581 1412 589 '

177 690 250 749 nes,
271 691 358 755 qaue
391 667 516 735 affixae
548 665 683 739 ruerunt
709 665 776 757 legi
799 690 819 733 a
843 667 1050 735 Pharisaeisr
1072 671 1159 734 sicut
1296 669 1327 734 3.
1350 669 1568 735 Restituendn
1597 670 1629 733 in
1657 670 1755 734 nobis
1777 670 1969 753 perfidem,
1991 670 2190 740 atitomua

177 777 266 822 nune
290 766 422 819 taxatae
444 765 521 820 sunt
543 755 796 838 superstitiones
830 754 872 819 de
904 776 964 820 esu
997 756 1157 835 carnium,
1181 798 1185 849 ,
1209 755 1241 821 8.
1264 757 1399 823 dicitur:
1422 755 1494 817 nee
1515 756 1674 818 stabilitur
1692 774 1752 838 per
1768 759 1870 837 fidem

178 854 212 908 et
232 844 333 907 rebus
355 838 528 907 similibus.
572 836 704 926 Vulgus
738 841 822 905 lraee
854 842 965 905 statim
999 840 1185 923 transierit

175 928 220 994 ad
242 925 320 1006 alia,
342 947 429 1013 quae
449 939 529 995 sunt
550 923 636 1012 legis
659 925 802 1004 divinae,
818 939 981 1019 utnnstro
1006 940 1157 1012 tempure
1181 932 1185 995 ἱ
1236 948 1239 955 ’
1476 950 1697 1053 Quomodo
1726 948 1924 1037 restitum

176 1033 293 1078 omnes
315 1009 395 1079 sacti
417 1034 532 1079 sunrus
555 1009 815 1099 negligentiores
839 1035 880 1077 ea
903 1014 966 1079 iste
991 1014 1155 1079 doctrina.
1181 1066 1185 1109 ¹

174 1096 335 1166 Familiae
357 1120 425 1164 nou
449 1111 592 1187 possunt
613 1099 718 1186 redigi
741 1100 955 1176 inordinem;
977 1101 1156 1185 puerinon
1296 1098 1437 1172 Quando
1472 1098 1538 1164 lide
1570 1099 1753 1182 accipimus
1787 1096 2072 1179 consolationem,
2089 1112 2191 1167 ‘tune

175 1188 325 1252 diseunt:
349 1196 383 1250 et
405 1205 511 1272 nuper
532 1181 653 1271 aliquis
676 1186 744 1250 scri
769 1188 812 1250 sit
835 1185 924 1263 milri,
946 1186 1036 1271 quod
1060 1183 1158 1251 suerit
1207 1186 1280 1271 ipse
1303 1185 1461 1264 vivificat,
1484 1197 1516 1251 et
1536 1186 1592 1249 dat
1615 1185 1771 1270 Spiritum
1794 1197 1964 1264 sanctum,
1988 1189 2042 1271 qui
2066 1208 2189 1252 uccen-

176 1273 309 1359 quidarn
331 1273 365 1336 in
388 1290 449 1336 sua
471 1267 639 1349 Ecclesia,
662 1273 716 1358 qul
739 1209 831 1350 (lixit,
853 1292 892 1337 se
913 1270 1021 1356 pluris
1043 1268 1158 1337 facere
1209 1272 1256 1336 dit
1279 1267 1363 1335 tales
1386 1284 1506 1350 motus,
1526 1271 1634 1357 qualis
1656 1274 1729 1356 ipse
1752 1284 1816 1352 est,
1838 1272 1893 1337 rel
1915 1270 2023 1359 qualis
2046 1286 2097 1337 est
2120 1271 2186 1339 lex.

197 1357 416 1423 ratitotttones
449 1358 491 1422 de
523 1358 652 1423 incestu
686 1368 718 1422 et
750 1358 911 1445 gradihus
938 1378 1157 1443 personarum
1208 1357 1299 1436 liert,
1322 1359 1462 1423 restituit
1485 1360 1594 1422 dando
1618 1358 1718 1423 vitam
1740 1369 1927 1437 aeternam,
1950 1379 2037 1443 quae
2059 1362 2119 1423 erit
2139 1363 2189 1425 in-

174 1380 208 1511 iit
242 1443 416 1524 Levitico,
451 1464 548 1529 quarn
581 1444 790 1509 traditionem
827 1446 867 1508 de
902 1463 962 1508 esu
997 1447 1156 1510 earnium.
1208 1456 1304 1531 tegra
1321 1441 1466 1528 impletio
1489 1442 1586 1532 legis.
1631 1443 1829 1506 Derieirte
1856 1445 1922 1507 Per
1946 1446 2039 1529 fidem
2067 1447 2189 1531 ρειιὸἰὶί·

160 1528 333 1604 ‚christus
353 1542 492 1594 revocat
511 1528 662 1594 homines
686 1533 729 1594 ad
756 1527 866 1618 legera
901 1528 1065 1610 divinam,
1099 1532 1156 1595 da·
1207 1551 1272 1593 mas
1288 1530 1395 1611 iepem.

173 1620 296 1681 urnatis
320 1617 532 1701 opinionibus
555 1612 723 1694 humanis;
754 1628 787 1681 et
819 1615 991 1700 praefatur
1022 1636 1061 1680 se
1088 1636 1155 1682 non
1295 1618 1326 1680 4.
1349 1618 1552 1682 Sanciendn:
1576 1618 1610 1681 id
1632 1628 1695 1696 est,
1707 1616 1778 1683 vult
1798 1615 1907 1703 legem
1931 1618 2100 1697 doceri,et
2118 1639 2188 1684 uon

174 1703 322 1782 venisse,
344 1714 380 1768 ut
402 1700 515 1767 solvat
536 1700 659 1791 legem,
681 1704 743 1768 sed
765 1718 801 1768 ut
823 1699 967 1786 impleat.
1207 1699 1279 1767 tolli.
1301 1724 1343 1767 ex
1365 1701 1530 1769 Ecclesia.
1586 1704 1759 1789 Nusquam
1792 1703 1870 1769 alibi
1903 1705 2024 1769 mansit
2055 1707 2189 1792 integra

296 1830 299 1835 -
1208 1810 1273 1854 vox
1295 1787 1393 1874 legis,
1416 1790 1479 1853 nisi
1503 1792 1537 1854 iu
1560 1786 1728 1864 llcelesia3
1750 1803 1784 1855 et
1805 1803 1856 1854 est
1878 1803 2105 1876 argumentum
2129 1792 2186 1856 de·

360 1930 368 1949 .
517 1915 523 1925 ·
649 1884 652 1889 ’
1116 1933 1124 1950 ,
1178 1876 1473 1954 taronstratirum,
1496 1876 1696 1958 ostendens,
1725 1878 1780 1942 uui
1803 1878 1847 1942 sit
1869 1873 2037 1942 Ecclesia:
2081 1877 2188 1962 igitur

179 1925 273 2022 ths
303 1927 406 2022 iterii
432 1960 550 2022 coicere
572 1959 690 2041 iopam?
723 1930 903 2033 Quaeret
935 1963 987 2014 ttn
1019 1931 1155 2015 David
1207 1961 1348 2026 amanda
1372 1975 1424 2024 est
1446 1960 1512 2038 lex,
1537 1964 1612 2047 qnia
1636 1964 1829 2048 incorrupta
1851 1963 2003 2030 doctriua
2024 1960 2109 2050 legis
2133 1972 2190 2029 est

173 2053 296 2141 solvit
325 2054 471 2164 legem,
503 2083 596 2137 cum
626 2051 732 2165 rapit
761 2052 881 2136 aliam
912 2052 1156 2165 coniugem?
1206 2046 1721 2200 sigllffitevsegtfiiffisssslffiw¹

194 2308 202 2326 .
252 2218 348 2323 ‘Nom
381 2218 468 2368 Nalm
489 2214 724 2364 salverano?
747 2230 798 2283 est
819 2215 912 2283 facto
930 2186 1070 2297 violare,
1092 2219 1155 2283 sed
1418 2154 1439 2220 q
1553 2155 1574 2221 q
1639 2180 1644 2197 ’
1713 2181 1720 2196 .

173 2305 526 2481 :interrae
546 2316 677 2476 irin
700 2303 1217 2455 ,tertiimanus
1340 2328 1489 2413 vom
1522 2326 1707 2414 erastus
1737 2343 1790 2413 si
1818 2329 2046 2442 casnm

172 2498 215 2541 aa
233 2477 448 2561 amputaei:
480 2478 514 2542 id
549 2489 623 2554 est,
656 2498 726 2537 mun
760 2477 840 2538 solis
871 2477 957 2538 aicit
984 2478 1154 2560 preriipea.
1293 2475 1505 2563 Respondeo.
1548 2477 1624 2541 Non
1649 2488 1725 2558 est,
1746 2479 1836 2565 ¹quia
1868 2489 1968 2543 autea
2001 2490 2072 2544 erat
2104 2477 2189 2546 lata.

172 2565 265 2631 Aisa
286 2566 387 2645 vicar,
410 2562 578 2649 siguificat
601 2562 755 2629 docendo
777 2559 896 2628 tollere
921 2563 1041 2650 legem,
1065 2565 1154 2648 apud
1206 2561 1361 2630 Christus
1389 2585 1456 2629 uon
1480 2561 1704 2648 principaliter
1737 2565 1850 2643 venit,
1882 2576 1918 2629 ut
1949 2561 2033 2631 ierat
2062 2564 2191 2653 legem,

171 2631 435 2717 Demosthenem
459 2661 522 2728 est,
544 2649 577 2714 id
601 2662 669 2729 est,
696 2648 931 2736 promulgare,
989 2651 1053 2716 uod
1085 2671 1154 2716 non
1206 2650 1267 2714 sed
1291 2662 1325 2715 ut
1347 2651 1391 2714 sit
1412 2650 1612 2736 redemptor,
1635 2648 1813 2729 liberator,
1841 2649 1992 2716 salvator
2017 2672 2038 2716 a
2066 2654 2191 2736 poenis

173 2738 217 2803 sit
235 2735 301 2805 lex.
345 2736 394 2802 lta
417 2733 572 2802 Christus
593 2733 649 2800 hie
671 2736 735 2815 ait,
759 2757 797 2802 se
819 2757 886 2802 non
910 2756 1045 2804 ventsse
1065 2761 1154 2801 aare·
1178 2798 1181 2820 ,
1204 2734 1317 2823 legis,
1351 2749 1384 2801 et
1415 2740 1553 2822 imputet
1585 2738 1683 2801 nobis
1701 2758 1796 2801 suam
1817 2737 1982 2804 iustitiam.
2029 2735 2191 2805 Christus

173 2824 255 2889 lien
277 2823 377 2904 νόμον.
1178 2890 1182 2925 Ι
1206 2842 1273 2887 non
1296 2833 1348 2887 est
1369 2821 1543 2909 legislator
1564 2824 1596 2887 in
1620 2824 1787 2907 praesenti
1809 2840 1871 2886 sua
1892 2823 2092 2904 vocatione,
2124 2825 2191 2889 sed

1200 2919 1276 2974 tota
1294 2910 1448 2974 divinitas
1481 2921 1535 2974 est
1567 2906 1764 2996 legislatrix.
1810 2906 1965 2975 Officium
1987 2907 2111 2976 Christi
2133 2922 2191 2977 eet

406 3017 518 3100 Num
549 3029 685 3127 potest
715 3016 783 3097 lex
813 3017 924 3103 wffip
1178 2984 1181 3013 ¹
1205 2991 1376 3080 singrdare
1400 2991 1559 3074 officium,
1576 3007 1610 3061 et
1632 3007 1742 3061 temen
1766 3005 1819 3061 est
1840 2996 2004 3083 interpres
2024 2993 2123 3083 legis.

258 3164 352 3231 Noa:
376 3165 455 3251 quia
475 3161 570 3231 Deus
592 3184 660 3231 uon
683 3175 795 3248 potest
808 3161 897 3231 tolli.

1177 3176 1317 3361 {Qun
1331 3204 1444 3307 'aaa
1463 3222 1646 3309 cassas
1678 3226 1863 3309 nocendo
1893 3225 2055 3337 legemr
2085 3226 2189 3337 quta
2303 3208 2306 3225 '

170 3432 177 3445 ¹
264 3400 269 3407 .
306 3359 418 3464 Quid
448 3372 512 3449 est
539 3359 632 3445 Lex
654 3390 735 3445 ,eu
764 3359 1022 3471 Deealogugt
1278 3342 1375 3427 iacit
1404 3358 1541 3429 noster
1570 3360 1710 3459 pastor
1739 3345 1926 3430 docendo
1957 3347 2117 3459 legem?

257 3508 320 3577 Est
340 3509 417 3595 ipsa
438 3508 602 3594 sapientia
624 3508 687 3574 Dei
710 3518 744 3574 et
772 3529 889 3575 norma
921 3508 1087 3590 iustitiae,
1120 3509 1154 3574 id
1289 3507 1505 3595 llesponrieo.
1550 3510 1682 3596 Repetit
1704 3530 1821 3577 vocem
1843 3511 2043 3591 divinam,et
2062 3512 2188 3579 discer-

162 3598 234 3683 ‘est,
254 3617 324 3661 nou
346 3596 630 3682 praedicatnqait
643 3592 808 3675 Christus,
830 3596 920 3682 quod
942 3615 1010 3677 pon
1032 3597 1076 3661 sit
1097 3593 1153 3660 lex
1203 3596 1252 3661 nit
1274 3616 1347 3661 eam
1369 3599 1412 3661 ab
1436 3599 1607 3663 erroribus
1629 3596 1798 3675 hontonis,
1822 3599 1942 3683 quibus
1973 3599 2187 3665 obscuratur.

164 3680 317 3781 moralis,
340 3683 402 3749 sed
425 3680 503 3748 volo
526 3694 630 3748 ratam
653 3701 743 3761 esse,
767 3694 800 3748 et
821 3683 966 3767 implere.
1122 3710 1130 3717 ·
1205 3683 1350 3747 niardus
1373 3703 1506 3769 semper
1528 3685 1707 3768 corrumpit
1728 3682 1837 3771 legem
1860 3681 1939 3757 Dei,
1967 3694 2004 3750 ut
2026 3682 2074 3750 Pa
2099 3686 2188 3752 istae

1176 3768 1334 3867 ¹dicunt:
1367 3768 1646 3855 Concupiscentia
1679 3790 1745 3835 nan
1779 3781 1832 3834 est
1896 3781 2036 3837 caetum.
2114 3792 2186 3834 aem

96 3908 106 3923 “
232 3878 345 3984 oua
378 3878 511 3961 ¹110ffl⁵
543 3875 727 3962 ennecus
757 3877 901 3989 implet
929 3873 1093 3989 iiim-⁹
1177 3853 1304 4002 ¹33¹?
1319 3857 1484 4007 iiiiii
1501 3856 1610 4006 ltili
1630 3853 1708 4003 liii
1730 3853 2186 4029 *latitet-{fidili

124 4002 129 4009 ⁸
257 4028 419 4102 Quatuor.
466 4025 504 4105 l,
533 4048 595 4093 sua
622 4027 727 4112 ipsius
751 4027 948 4093 obedientie.
994 4025 1153 4091 Potestne
1177 3992 1180 4121 ῗ
1204 4025 1389 4109 Praecipio,
1412 4037 1447 4092 at
1467 3995 2185 4119 naastasmaritar4d1mmiitosttraer⁰

132 4190 137 4199 ¹
170 4115 242 4183 Lex
263 4113 328 4180 Dei
352 4133 430 4181 esse
450 4110 576 4178 frustra
596 4112 687 4182 lata?
722 4113 806 4179 Non.
852 4111 995 4198 Oportet
1017 4109 1153 4198 aliquod
1177 4124 1180 4181 ἶ
1204 4115 1238 4174 iu
1261 4111 1423 4179 libidines.
1469 4113 1725 4181 concionatoris
1748 4110 1804 4180 est*
1818 4127 1974 4199 repetere
1994 4113 2117 4202 legem,
2150 4128 2186 4181 et

167 4202 374 4270 individuum
396 4220 474 4265 esse
496 4202 528 4264 in
553 4220 676 4287 genere
697 4200 865 4271 humano,
899 4201 997 4263 etiam
1030 4200 1064 4263 in
1087 4197 1152 4263 hac
1176 4202 1181 4279 j·
1203 4210 1320 4265 taxare
1340 4221 1488 4280 errores,
1512 4203 1632 4288 quibus
1655 4199 1712 4266 lex
1731 4202 1947 4267 obscuratura
1981 4203 2066 4267 sieut
2087 4198 2184 4267 Clari·

171 4291 250 4368 vita,
272 4289 360 4374 quod
382 4285 517 4372 impleat
538 4284 656 4374 legem.
699 4282 985 4351 Nernohomiuum
1003 4281 1062 4350 suit
1079 4287 1151 4349 siue
1175 4348 1179 4381 Ι
1203 4297 1277 4350 stus
1294 4284 1391 4366 ssaeit,
1414 4289 1585 4373 iuquiens:
1613 4286 1687 4351 Noa
1709 4288 1935 4360 invecticium
1965 4299 2000 4353 et
2031 4285 2185 4354 declarat

194 4388 312 4442 eeeato
333 4385 465 4459 praeter
482 4372 586 4437 lilium
607 4373 694 4453 Dei,
727 4373 782 4457 qui
812 4369 924 4456 implet
946 4371 1055 4458 legem
1078 4392 1152 4457 per-
1175 4400 1178 4429 ε
1203 4370 1269 4436 hoc
1313 4386 1519 4459 raeceptnm=
1559 4372 1622 4443 Qui
1643 4377 1761 4454 aspicit
1780 4375 1934 4436 amdmm
1957 4374 2004 4435 ari
2033 4376 2184 4455 concepi·

183 4474 276 4538 eete;
311 4481 406 4525 nemo
429 4460 545 4525 habuit
609 4462 707 4526 adum
740 4457 830 4524 illius
863 4455 1073 4536 dilectionis,
1109 4459 1151 4521 de
1201 4478 1276 4520 scen
1299 4480 1445 4522 aenaeam.
1489 4460 1647 4544 Papistae
1667 4472 1702 4524 et
1723 4460 1880 4526 Monaehi
1902 4460 2033 4526 dicunta
2073 4459 2185 4523 Indei-

170 4570 237 4639 qua
259 4547 393 4614 dieiturr
415 4545 546 4629 Diliges
591 4567 656 4609 eron
674 4566 716 4608 ezr
737 4552 805 4608 toto
827 4545 934 4609 corde.
963 4543 1058 4610 item:
1076 4542 1152 4608 tion
1201 4564 1274 4627 pere
1299 4546 1393 4607 malis
1415 4544 1592 4627 alseatina,
1615 4565 1679 4608 non
1700 4554 1749 4609 ert
1767 4553 1940 4628 peccatine.
1985 4545 2067 4611 lietu
2089 4544 2182 4610 duit-

169 4638 386 4717 concupiscas.
1202 4635 1284 4694 tatio
1306 4631 1347 4694 rie
1364 4633 1654 4714 procidentiam
1672 4639 1720 4695 eet
1739 4640 1920 4713 peecatum:
1940 4633 2006 4697 imo
2028 4643 2082 4697 est
2103 4632 2182 4713 hor·

255 4723 287 4787 2.
311 4718 505 4786 Dexivando
528 4737 669 4802 poenam
691 4719 725 4783 in
755 4736 812 4795 se,
844 4739 905 4803 pro
929 4714 1015 4794 aliis,
1036 4713 1150 4781 videli-
1201 4716 1498 4804 ribilepeceatum.
1544 4716 1701 4785 Oilieium
1723 4717 1846 4784 Christi
1875 4730 1926 4783 est
1952 4728 2106 4803 repetere
2132 4714 2181 4784 le·

170 4819 235 4887 cet,
260 4820 293 4871 at
315 4807 422 4892 ipsius
445 4805 631 4873 innocentis
648 4825 758 4889 poena
782 4804 826 4868 sit
870 4805 988 4870 retium
1011 4822 1073 4889 pro
1090 4823 1150 4868 no·
1201 4824 1290 4890 gem,
1313 4817 1347 4870 et
1368 4816 1484 4871 taxare
1506 4824 1641 4871 errores
1660 4805 1801 4870 additos.

168 4888 237 4960 bis:
259 4890 331 4955 Der
352 4896 397 4954 ist
417 4894 467 4952 ein
488 4912 580 4973 prose
601 4890 681 4973 dinp
692 4939 704 4970 ‚
738 4893 810 4975 ipse
840 4827 966 4957 ‹l’err'aa
987 4891 1019 4954 in
1044 4910 1082 4954 se
1103 4890 1150 4953 in·
1510 4922 1517 4931 ·

168 4982 300 5070 gentem
323 4992 356 5044 et
388 4981 579 5045 immensam
612 4979 695 5042 iram
717 4975 783 5042 Dei
817 4998 878 5064 pro
911 4977 1029 5042 nobisr
1064 4976 1149 5040 lacet
1245 4999 1368 5101 Quod
1399 5016 1462 5085 est
1518 5000 1614 5085 rinei
1643 5000 1706 5083 ale
1736 4996 1872 5083 officii]
1948 4997 2126 5085 christi?

169 5085 282 5131 eornm
305 5077 443 5130 aeterno
460 5076 561 5149 ¹patre
578 5066 726 5129 sentiens
749 5065 831 5129 iram
853 5062 931 5141 Dei,
955 5063 1052 5149 quasi
1075 5063 1149 5147 ipse
1490 5031 1517 5114 p
1616 5030 1644 5111 p
1874 5031 1916 5095 m

163 5149 320 5218 lecisset:
345 5150 380 5214 lit
414 5169 475 5234 pro
508 5151 605 5216 nubis
632 5147 861 5216 maledictum:
910 5148 987 5212 War
1008 5146 1070 5209 dae
1092 5151 1177 5228 istst
1286 5145 1442 5216 Proierre
1464 5168 1582 5215 rocem
1603 5145 1778 5236 Evangelii
1810 5168 1851 5215 ex
1884 5149 1961 5217 sinu
1980 5148 2091 5215 Pseu
2102 5192 2116 5226 ,
2141 5157 2179 5215 'et
