4620 5588
162 202 229 297 aaa
456 164 460 173 ’
853 198 1074 301 cosmum
1091 198 1491 269 nmmrflomarm.
2108 198 2176 272 asa

163 395 245 465 dare
265 390 377 472 iidern,
387 390 643 468 invocationem,
653 400 690 457 ut
708 386 795 463 lilius
808 386 873 456 Del
893 402 990 477 ragat
1003 410 1067 458 nos
1078 410 1143 457 suo
1193 397 1241 454 est
1262 389 1382 465 honrem,
1404 409 1522 454 marne
1538 406 1653 473 protem
1669 391 1805 473 filioram
1825 399 1857 454 et
1863 393 2024 474 perticere
2039 390 2173 456 seems.

162 478 290 567 Spiritu
300 490 429 556 sarecto,
439 499 483 561 ne
500 478 604 545 dorus
623 477 798 556 vasa-irae,
809 478 870 544 sed
882 476 1142 544 misericordiae.
1193 476 1229 542 ln
1247 475 1304 544 tali
1325 479 1548 564 disputatione
1569 497 1650 546 vere
1671 498 1788 544 omnes
1810 486 2038 545 sustentamur
2059 478 2174 544 divini·

163 564 538 649 Omrpesautemsumus
551 562 684 646 ingrati,
694 562 1066 650 estnctpimussprtmo
1083 585 1141 650 pa·
1193 574 1264 641 tus3
1302 566 1455 630 onmihirs
1491 565 1577 630 anim
1611 565 1646 629 in
1679 565 1891 632 invocatione
1924 565 2072 631 occurrit
2104 565 2173 631 hoc

162 652 345 731 treAdam,
357 653 414 737 qui
431 645 754 715 etsisueritarnatus
767 661 859 717 tanta
870 652 1032 736 supientia
1050 651 1142 718 etlu-
1176 664 1441 738 argumentum

163 730 266 815 stitia,
288 750 445 825 quantam
466 756 510 802 ne
528 734 827 822 cogitare'quidcm
849 736 1046 822 po'ssrrmus3
1069 746 1142 802 erut
1321 769 1372 832 Ag
1393 791 1411 834 e
1432 793 1452 835 ο
1473 771 1579 835 „epm
1596 771 1886 836 pmpmcm
1917 769 1975 833 ml
1991 768 2080 833 Dm
2098 789 2173 852 Μ

163 825 251 891 enim
273 825 306 889 in
328 826 403 909 ipsc
426 822 540 889 radius
563 818 707 886 iustitiae
724 821 800 900 Dei,
822 823 899 888 item
912 824 992 903 vitu,
1014 821 1141 888 habitu·
1364 792 1489 921 eadm
1508 880 1528 920 n
1551 878 1571 918 n
1592 858 1726 921 md„
1885 815 1895 845 '

160 910 220 977 hat
241 910 274 974 in
297 930 338 976 eo
362 920 431 974 tota
453 909 599 976 trinitas:
629 919 738 973 tamen
768 905 933 995 neglectis
956 906 1008 973 his
1031 904 1141 976 excel·
1320 943 1353 1006 E
1376 967 1394 1007 ο
1417 880 1482 1007 ἴω
1531 881 1670 1009 zoam,
1702 900 1736 922 ‘⁰

163 992 309 1063 lentibus
338 994 434 1061 honis
465 996 635 1071 omnihus,
668 994 843 1062 abducitur
863 996 1086 1081 persuasione
1107 1006 1140 1061 et
1323 966 1409 1096 Ego
1434 966 1585 1094 „meam
1605 986 1668 1095 ΜΞ
1689 1029 1822 1093 mugi,

162 1082 351 1169 praestigiis
373 1078 521 1160 Diaboli,
544 1091 578 1146 et
600 1080 635 1145 fit
657 1080 790 1166 ingrata
812 1080 900 1160 Deo,
922 1080 1063 1169 negligit
1084 1102 1141 1146 au·
1367 1053 1389 1113 ⁹
1441 1098 1447 1109 ’
1824 1072 1835 1095 ’

163 1183 269 1235 torem
291 1167 405 1234 talium
437 1168 610 1233 bonorum.
654 1165 750 1233 llaec
774 1169 977 1251 ingratitudo
1005 1168 1142 1254 irrepsit
1193 1165 1305 1241 Quare
1338 1188 1482 1234 necessa
1514 1185 1566 1234 est
1599 1167 1665 1233 hoc
1693 1177 1927 1258 argumentum
1961 1182 2039 1232 ante
2062 1165 2173 1234 omnia

163 1268 282 1343 postea
305 1256 337 1319 in
360 1274 478 1319 anrrres
501 1253 662 1319 homines.
1193 1251 1338 1320 solvere.
1387 1253 1496 1320 hlaior
1527 1266 1579 1321 est
1610 1274 1692 1321 vera
1725 1267 1759 1319 et
1791 1255 1858 1318 scri
1882 1265 1917 1318 ta
1948 1252 1982 1317 in
2007 1251 2175 1333 lohann03

248 1335 397 1428 Cogitet
411 1338 640 1426 unusquisque
662 1349 828 1421 vestrum,
861 1346 1005 1427 quantus
1032 1335 1142 1420 labor,
1194 1342 1254 1406 sed
1277 1353 1329 1407 est
1352 1340 1605 1428 distinguentia:
1627 1339 1820 1402 Peccatores
1877 1360 1930 1401 eus
1946 1358 2009 1403 aaa
2027 1340 2173 1422 exomiit,

162 1439 286 1515 quauta
306 1423 498 1492 sollicitudo
521 1426 570 1491 sit·
585 1428 779 1511 parentibus
800 1447 899 1493 unum
922 1423 1142 1493 iniuntemso·
1192 1424 1324 1493 scilicet
1345 1447 1412 1492 non
1436 1438 1573 1514 agentes
1595 1427 1839 1511 poenitentiam.
1866 1425 1993 1491 Minor:
2016 1426 2090 1507 Epo
2108 1446 2175 1489 suas

161 1532 255 1592 rere,
277 1513 520 1595 donec-veniat
540 1512 583 1577 ad
611 1532 733 1579 annum
760 1513 1007 1593 duodecimum,
1035 1524 1071 1578 ut
1093 1524 1142 1578 tu·
1188 1521 1351 1596 peccator,
1373 1516 1431 1580 scd
1450 1534 1546 1596 ageas
1562 1516 1799 1596 poeniteutiam,
1822 1513 1985 1599 eleganti
2006 1512 2175 1596 poeniten·

163 1618 257 1664 ceam
287 1618 386 1666 curas
414 1611 449 1665 et
480 1598 657 1664 anxietatis
693 1601 841 1666 cordium
870 1600 905 1664 in
934 1600 1143 1686 parentibus,
1193 1599 1270 1666 tiam
1288 1600 1401 1666 addita
1423 1611 1474 1665 est
1503 1601 1683 1686 promissio
1711 1599 1920 1665 remissionis
1942 1602 2181 1686 peecatorumr'

161 1704 249 1771 quae
270 1682 372 1751 multo
394 1684 537 1750 maiores
549 1696 628 1751 suut
648 1681 728 1765 illis,
740 1698 850 1753 tamen
862 1683 983 1753 harum
998 1684 1143 1752 amnium
1199 1686 1277 1749 Viuo
1295 1705 1365 1768 epo,
1383 1685 1457 1749 oraio
1478 1694 1605 1749 martem
1622 1689 1813 1768 peccatoris,
1836 1686 1940 1748 sedat
1961 1697 2024 1751 etc.
2046 1682 2175 1750 ltasol·

163 1769 260 1837 obliti
281 1792 397 1838 sumus
416 1768 514 1837 valde
535 1773 655 1859 ingrati
683 1792 766 1860 erga
786 1785 962 1858 parentes,
989 1791 1053 1838 nec
1074 1791 1143 1837 non
1194 1775 1242 1838 vit
1264 1771 1381 1838 mulier
1402 1773 1469 1837 hac
1490 1785 1719 1859 argumentum
1732 1771 1866 1850 Christi,
1886 1769 2175 1856 consessioneper

163 1875 246 1945 erga
273 1856 391 1924 Deum·
437 1856 549 1933 Quare
578 1869 697 1943 postea
725 1861 812 1927 iuste
839 1862 873 1925 in
900 1879 965 1925 nas
995 1858 1143 1925 vicissim
1194 1860 1428 1938 inversionem,
1461 1860 1539 1947 quia
1560 1858 1717 1925 Christus
1739 1859 1835 1939 dicit,
1867 1860 1957 1945 quad
1989 1854 2109 1923 mulier
2129 1858 2175 1923 sit

163 1950 340 2011 exercetur
368 1942 570 2032 ingratitudo
603 1941 784 2013 liberorum
809 1960 847 2015 ¹et
868 1956 980 2012 manet
1012 1963 1145 2031 semper
1196 1947 1298 2010 canis.
1342 1945 1421 2018 Ima,
1443 1947 1547 2032 inquit
1569 1943 1700 2024 mulier,
1720 1948 1796 2028 poia
1815 1966 1881 2007 sum
1902 1946 2004 2022 carris,
2033 1943 2082 2025 fiii
2104 1943 2173 2006 Da-

62 2055 65 2060 ·
161 2041 270 2097 rattrm
294 2030 417 2097 dietum
434 2030 585 2097 Pindari:
606 2033 747 2115 Antiqua
767 2030 1145 2115 percommissis
1193 2032 1259 2102 oid,
1287 2035 1528 2094 misereremei.
1572 2031 1648 2097 Hoc
1674 2043 1904 2118 argumentum
1925 2053 1947 2095 a
1969 2029 2174 2097 Rhetorihns

160 2117 258 2180 mines
278 2123 350 2179 sami
371 2119 567 2179 imoremaccs.
1194 2129 1336 2184 vocatur
1356 2122 1467 2203 βίαιον,
1488 2119 1521 2183 td
1543 2129 1608 2197 est,
1630 2113 1824 2199 violentum,
1846 2137 1913 2204 quo
1926 2113 2081 2184 Christus
2103 2118 2172 2182 vin·

246 2200 400 2288 Undique
428 2206 492 2269 iam
518 2203 687 2271 imminent
708 2204 942 2270 distractiones
971 2200 1143 2268 Ecclesia·
1195 2205 1290 2272 citur.

160 2307 236 2353 rum
257 2300 290 2353 ct
312 2290 456 2352 omnium
482 2286 671 2373 politiorum
694 2302 832 2375 propter
854 2300 995 2374 peccata
1016 2299 1143 2354 nostra.
1281 2290 1340 2357 Sic
1360 2291 1462 2377 igitur
1483 2289 1621 2357 firmiter
1641 2289 1785 2354 tenenda
1806 2299 1860 2355 est
1881 2288 2033 2354 doctrina
2054 2298 2173 2354 canoa

160 2370 294 2453 Videte,
316 2392 415 2458 quam
437 2374 642 2441 miserrimus
663 2387 772 2442 status
795 2377 840 2442 sit
860 2376 1064 2455 Pannoniae,
1084 2376 1143 2441 uhi
1193 2377 1228 2442 in
1250 2375 1457 2464 dignitatem,
1481 2377 1569 2462 quod
1592 2377 1699 2462 gratis
1714 2371 2173 2461 recipiamurproptarhlium

160 2460 226 2543 iam
249 2455 353 2525 multa
373 2455 476 2525 millia
498 2457 677 2539 homiuum,
710 2473 780 2527 tum
801 2463 916 2548 pueri,
951 2470 1143 2528 tum'senes
1193 2463 1407 2529 mediatorem
1428 2464 1501 2528 sine
1521 2459 1599 2528 ullis
1621 2463 1781 2549 operibus
1805 2460 1943 2540 nostris,
1967 2461 2096 2525 etiamsi
2117 2480 2174 2526 su·

160 2542 309 2633 quotidie
332 2545 542 2613 abducuntur
568 2549 603 2612 in
630 2548 836 2614 servitutem.
880 2546 1008 2614 hiatres
1030 2560 1063 2613 et
1084 2567 1143 2634 pa·
1193 2570 1266 2617 mus
1288 2549 1526 2636 indignissimi;
1558 2550 1632 2634 ipse
1664 2550 1750 2613 enim
1777 2549 1890 2631 posuit
1921 2565 2045 2632 cerpus
2074 2565 2174 2613 snum

159 2641 230 2698 tres
247 2626 438 2698 avelluntur
459 2653 480 2699 a
501 2629 577 2698 filiis
602 2634 634 2698 in
659 2654 790 2701 omuem
812 2635 1064 2716 aeternitatem,
1092 2635 1143 2699 sic
1191 2633 1336 2702 hostiam
1357 2657 1419 2721 pro
1440 2636 1590 2721 peccatis
1613 2637 1750 2699 nostris.
1772 2634 1867 2700 llaec
1888 2632 2000 2698 hostia
2023 2644 2076 2698 cst
2098 2630 2171 2719 pln-

158 2720 298 2785 maritus
321 2732 355 2783 et
376 2738 477 2798 urar,
510 2717 597 2786 alius
632 2723 763 2789 ducitur
791 2722 824 2785 in
847 2719 996 2787 ultimam
1014 2720 1142 2801 Asiam,
1192 2722 1240 2786 ris
1262 2721 1427 2802 iacienda,
1460 2742 1559 2806 qnam
1580 2717 1682 2787 ullius
1700 2720 1845 2787 hominis
1877 2720 2046 2797 nteritum3
2078 2728 2173 2786 tanta

159 2801 246 2891 alins
268 2805 300 2869 in
323 2803 524 2892 Aegyptum.
568 2804 623 2873 De
651 2805 716 2872 hae
742 2808 968 2892 dissipatione
993 2804 1142 2893 loquitur
1193 2809 1279 2874 enim
1296 2806 1358 2875 suit
1379 2812 1428 2874 ira
1449 2808 1573 2890 divina,
1595 2805 1684 2895 qnod
1706 2828 1774 2872 non
1795 2808 1940 2891 potuerit
1967 2801 2094 2892 placari
2123 2802 2174 2870 nl·

159 2887 292 2969 Esaias3
315 2912 390 2957 cum
413 2894 506 2959 dicit:
527 2893 718 2976 iniquitates
738 2902 866 2957 nostrae
887 2901 922 2958 at
942 2897 1027 2958 senti
1047 2895 1141 2956 dissi-
1192 2891 1258 2962 lius
1280 2893 1583 2974 hominis-meritis,
1605 2893 1666 2959 sed
1687 2905 1815 2959 tanturn
1837 2894 2003 2979 sanguine
2030 2890 2089 2956 iilii
2111 2890 2173 2959 sul.

156 2985 310 3061 parmeni
326 2998 393 3043 aas.
1280 2980 1411 3047 Deinde
1432 2993 1485 3046 est
1506 2978 1614 3046 altera
1634 2980 1801 3060 machina,
1823 3000 1888 3066 qua
1911 2981 2097 3044 obruuntur
2113 2976 2174 3044 ho·²

163 3124 167 3135 .
239 3060 307 3149 ,Est
323 3064 541 3133 autemhaec
562 3063 681 3133 mulier
702 3064 885 3133 Cananaea
900 3062 1142 3152 imagoEecle-
1192 3067 1298 3132 mines
1321 3068 1355 3132 in
1378 3068 1603 3146 invocatione,
1635 3064 1766 3132 scilieet
1793 3063 2056 3153 particularitaS,
2108 3083 2174 3130 uae

157 3142 242 3227 siae,
265 3155 463 3235 quaeanxie
477 3166 510 3218 et
531 3154 689 3219 ardenter
710 3165 864 3238 precatur
884 3154 1025 3237 proista
1046 3162 1142 3238 parte
1192 3154 1292 3220 etiam
1315 3165 1368 3220 est
1395 3173 1537 3240 magnus
1566 3154 1735 3218 cruciatus
1761 3155 1824 3239 piis
1853 3153 2032 3217 mentibus.
2075 3085 2171 3216 llaec

156 3230 342 3315 Ecclesiae,
365 3256 451 3319 quoe
474 3236 707 3304 miserabiliter
725 3236 1141 3318 excruciaturaDiuholo‚
1191 3252 1301 3306 autem
1335 3252 1389 3306 est
1421 3239 1622 3307 excutienda
1652 3249 1685 3304 et
1707 3239 1851 3306 tenenda
1884 3238 2048 3314 doctrina,
2080 3234 2173 3322 quad

158 3331 191 3387 et
212 3340 299 3406 quae
321 3320 432 3384 adhuc
453 3321 486 3386 in
508 3324 656 3387 tenebris
669 3335 842 3400 versatum
865 3322 1020 3389 Christus
1031 3338 1141 3389 autem
1191 3327 1371 3408 promissio
1403 3327 1448 3389 sit
1479 3324 1697 3402 universalis,
1729 3335 1767 3390 ut
1796 3343 1914 3388 amnes
1937 3322 2114 3387 credamus
2135 3320 2170 3387 ln

156 3426 227 3473 non
255 3403 328 3473 vult
360 3409 388 3471 ei
422 3410 629 3492 respondere
650 3408 836 3494 quicquam.
880 3406 943 3473 Est
965 3410 1064 3497 igitur
1085 3409 1141 3475 hic
1190 3407 1307 3489 tilium,
1327 3411 1417 3475 iuxta
1438 3406 1537 3476 illude
1561 3408 1722 3472 concisore
1741 3408 1830 3471 Deus
1848 3408 2171 3488 omaessuipeccato,

156 3494 297 3581 primum
331 3491 510 3579 disputatio
543 3493 585 3560 de
617 3515 726 3577 mara,
761 3515 847 3580 quae
877 3493 977 3561 valde
1012 3495 1141 3561 cruciat
1161 3496 1167 3517 '
1189 3501 1225 3557 ut
1247 3498 1379 3559 saraiam
1400 3498 1591 3558 misereatur.
1637 3495 1733 3560 ltem:
1764 3494 1880 3558 Gratia
1902 3493 2052 3558 eruderat
2074 3512 2172 3576 supro

157 3592 287 3659 mentes
309 3575 464 3660 afflictas,
486 3580 575 3646 iusta
597 3580 700 3646 dictas
730 3578 794 3643 Bis
815 3580 883 3653 dat,
904 3585 961 3665 qui
981 3583 1047 3644 cito
1070 3580 1140 3646 dat.
1190 3581 1348 3646 delictum.
1392 3582 1477 3648 Cum
1499 3594 1609 3649 autem
1630 3583 1810 3666 promissio
1832 3581 1876 3647 sit
1890 3578 2104 3660 universalis,
2115 3598 2172 3646 ae·

156 3663 254 3733 ltem:
278 3664 405 3747 Gratia,
425 3686 506 3749 qaae
518 3667 615 3730 tardo
630 3674 687 3740 est,
708 3670 838 3751 iaprata
853 3675 900 3730 est
910 3671 1030 3752 pratia.
1053 3667 1142 3732 Con·
1190 3670 1292 3736 cedas
1314 3680 1347 3734 et
1368 3680 1404 3734 tu
1427 3689 1502 3734 cum
1524 3666 1662 3734 muliere
1680 3668 1859 3734 Cananaea
1880 3669 1923 3732 ad
1937 3664 2117 3738 Christum,
2136 3676 2170 3732 et

158 3763 210 3832 tre
231 3774 357 3819 moram
381 3768 490 3820 antem
513 3755 678 3821 tenendae
694 3765 774 3820 sunt
795 3752 919 3821 multae
937 3751 1141 3820 consolatio·
1190 3775 1272 3821 vere
1293 3755 1491 3821 exaudieris.
1535 3753 1629 3822 llaec
1654 3766 1733 3822 sunt
1754 3754 1853 3819 nobis
1876 3764 1972 3819 certo
1993 3752 2170 3819 sumenda

156 3858 231 3904 nes.
274 3838 439 3906 Dominus
461 3842 535 3924 ipse
563 3842 685 3928 inquit:
718 3842 879 3904 laetanter
901 3848 1000 3904 orate.
1044 3843 1139 3907 {tems
1189 3842 1224 3908 in
1245 3842 1459 3906 invocatione
1480 3852 1608 3907 nostra.

157 3925 264 3988 Petite
285 3933 317 3988 et
341 3930 519 4009 accipietis.
564 3925 608 3993 Et
631 3948 735 4012 saepe
756 3929 855 3993 debet
877 3927 1018 4015 cogitari
1035 3927 1140 3993 versi·
1276 3926 1402 3993 Varum
1426 3938 1489 4006 est,
1511 3927 1591 3993 dicit
1612 3923 1741 4006 mulier,
1764 3945 1829 4012 ego
1851 3944 1926 3992 snm
1949 3920 2171 4002 contesimas

157 4008 269 4082 culus:
297 4005 472 4099 Bpss'dsosas
494 4014 641 4098 μακάρων
666 4005 867 4101 alpiscotiae,
889 4011 972 4081 aare
994 4020 1139 4079 scierat.
1188 4033 1257 4079 non
1280 4031 1354 4080 sum
1377 4016 1512 4094 merita,
1544 4024 1578 4079 et
1608 4031 1764 4077 numeres
1795 4013 1883 4077 iuter
1910 4008 2069 4098 populum
2090 4007 2168 4090 Del,

159 4098 271 4185 Saepe
292 4120 361 4166 non
382 4101 640 4186 predamnatis
663 4103 774 4167 statim
794 4099 950 4181 liberari,
973 4101 1062 4168 sicut
1082 4119 1140 4186 pe·
1189 4114 1298 4167 tumen
1321 4100 1365 4164 ad
1386 4110 1420 4164 te
1441 4101 1586 4179 accedo,
1618 4099 1696 4185 quia
1728 4097 1802 4162 scio
1834 4098 2066 4185 promissionis
2093 4105 2172 4161 tuae

159 4185 270 4251 timim·
1189 4206 1267 4253 esse
1288 4182 1512 4268 universales,
1539 4187 1631 4251 iusta
1657 4182 1760 4249 illude
1800 4182 1840 4246 Ia
1861 4186 1976 4246 semisse
2004 4189 2059 4245 tao
2081 4183 2169 4244 bere

231 4270 377 4349 ‘Deinde
393 4269 573 4338 hahemus
606 4270 673 4338 hoe
705 4269 782 4338 loeo
816 4270 1000 4359 exornplum
1033 4273 1139 4339 durae
1188 4272 1334 4339 dicentur
1363 4292 1467 4335 amnes
1489 4278 1598 4355 partes
1624 4279 1739 4337 terrae.
1793 4267 1831 4335 ln
1864 4271 1954 4336 hunc
2000 4270 2170 4335 universa·

161 4353 352 4423 reiectionis
381 4356 545 4434 mulieris3
578 4359 657 4425 inda
688 4360 852 4439 videmus,
886 4359 988 4446 quod,
1018 4359 1048 4423 si
1070 4379 1137 4423 ncn
1188 4358 1256 4425 lem
1278 4370 1311 4425 et
1332 4380 1386 4424 ma
1407 4356 1556 4437 includo,
1583 4369 1617 4425 et
1650 4378 1716 4445 ogo
1748 4368 1784 4422 ut
1807 4353 1952 4422 catullus
1974 4357 2040 4422 eda
2057 4367 2168 4421 tamon

160 4435 281 4507 luisset
311 4445 343 4510 in
377 4464 421 4510 ea
440 4442 624 4511 scintillula
655 4444 747 4524 fidei,
775 4447 888 4512 statim
911 4444 1138 4511 discessisset
1189 4446 1231 4512 de
1252 4445 1469 4531 micis,qnae
1490 4446 1614 4514 oudam
1642 4445 1823 4510 demensa
1844 4443 1980 4509 damini.
2023 4441 2082 4509 Sic
2104 4458 2170 4506 nos

160 4525 230 4592 Sed
267 4526 323 4593 hie
359 4530 529 4598 diseamus
566 4530 665 4598 iidem
698 4552 765 4597 non
797 4550 877 4598 esse
909 4532 1140 4611 obiiciendum,
1189 4551 1305 4598 omnes
1328 4551 1409 4597 rere
1429 4550 1543 4597 sumas
1565 4529 1690 4609 catelli,
1713 4549 1780 4595 non
1797 4548 1914 4595 sumus
1936 4523 2169 4616 parasliccle·

159 4614 286 4680 etiamsi
308 4615 410 4682 multa
433 4618 601 4686 contraria
622 4620 793 4700 accidant,
813 4629 851 4683 ut
872 4615 1138 4706 chrysostomus
1189 4621 1261 4684 riae
1282 4629 1423 4705 patrum,
1445 4639 1515 4684 non
1536 4637 1652 4684 snmus
1675 4616 1761 4696 Noe,
1781 4614 1966 4694 Abraham,
1987 4618 2082 4682 isaac
2104 4623 2170 4679 etc·

159 4699 256 4767 dieite
285 4700 422 4764 Etiamsi
443 4705 608 4768 caesaria
635 4709 777 4770 wmtsat
806 4706 1006 4788 prorrdsioai.
1037 4711 1139 4767 waren
1189 4704 1248 4770 Sic
1264 4706 1371 4771 nostri
1393 4705 1498 4771 ducas
1521 4724 1655 4792 qaoque
1675 4723 1744 4769 non
1767 4712 1846 4768 sunt
1866 4700 1991 4782 David,
2008 4697 2169 4767 Salomon

157 4794 288 4851 mest
310 4790 489 4854 adiicienda
505 4792 596 4873 fides.
1188 4804 1271 4868 etna
1303 4791 1365 4856 sed
1398 4789 1539 4857 fruimur
1571 4801 1697 4857 tantum
1719 4788 1826 4866 micis,
1858 4808 1946 4874 quae
1974 4788 2098 4853 eadunt
2127 4784 2170 4852 de

245 4872 333 4941 Sunt
360 4888 472 4942 autem
496 4879 531 4944 iu
552 4874 618 4944 hec
639 4876 862 4961 disputatione
889 4875 1038 4944 mulieris
1060 4897 1137 4944 cum
1188 4896 1304 4944 mensa
1324 4888 1466 4964 patrum.
1512 4877 1618 4942 Orate
1639 4888 1749 4943 autern
1770 4873 1873 4940 lilium
1894 4873 1973 4954 Dei,
1989 4872 2169 4940 Dominum

158 4954 295 5027 Christo
320 4961 406 5027 duae
435 4964 605 5031 oratoriae.
648 4963 767 5031 Altera
794 4975 847 5029 est
869 4964 912 5030 de
933 4963 1139 5050 indignitate,
1188 4977 1349 5035 nastrum,
1372 4962 1481 5031 lesum
1504 4960 1686 5045 Christum,
1706 4973 1744 5029 ut
1765 4957 2168 5048 etipsanohislargiatnr

158 5064 256 5133 quum
280 5066 399 5113 omnes
421 5046 454 5113 in
476 5050 671 5135 precatione
701 5051 737 5116 in
764 5050 864 5116 nohis
885 5051 1064 5128 teudmusa
1090 5046 1138 5115 al·
1187 5048 1266 5116 illas
1288 5051 1397 5130 nicus,
1420 5061 1453 5115 at
1472 5070 1541 5115 non
1563 5051 1653 5116 sinat
1672 5049 1759 5115 inter
1779 5067 1844 5114 nos
1867 5049 1939 5113 lieri
1960 5043 2050 5113 illam
2065 5041 2167 5111 essct·

157 5141 233 5200 tera
252 5133 296 5200 de
318 5130 590 5221 psmeutssrrste.
621 5136 776 5207 Christus
793 5136 872 5203 dicit
893 5135 1042 5204 mulieris
1062 5134 1139 5202 ress
1187 5148 1289 5205 tatem
1311 5148 1347 5204 et
1368 5137 1617 5225 dissipationem
1635 5132 1829 5213 Eecluiae,
1850 5132 1913 5201 red
1934 5145 1973 5201 ut
1994 5152 2075 5201 vere
2094 5129 2168 5217 ipu
