4620 5588
146 250 228 325 ιι,
829 252 1050 326 manem
1075 252 1477 327 nemausensem
1611 204 1617 213 ’
2118 256 2161 326 u

158 470 165 501 ι
199 438 430 511 :semotam
447 439 517 511 nur
539 440 781 509 calamitatibus
802 455 837 509 et
856 445 1043 533 cogitemus
1064 466 1128 512 nos
1150 445 1155 515 i
1179 456 1235 511 tus
1256 440 1481 511 nobilissimus
1502 441 1698 530 principum,
1730 461 1839 530 usque
1870 440 1916 509 ad
1944 441 2012 509 hoc
2032 454 2162 530 posue

145 536 224 599 dc
243 531 417 617 proximos
439 528 602 615 periculo.
643 529 787 603 Quando
808 533 954 597 concidit
965 530 1128 597 Constan·
1180 553 1268 596 mum
1289 532 1465 610 excidium,
1499 530 1588 616 quod
1611 525 1672 592 soit
1694 530 1789 597 ruina
1809 530 1916 616 partis
1942 530 2037 597 orbis
2058 541 2162 599 terra·

145 613 321 702 thoph,
340 617 450 702 coepit
471 619 505 685 in
526 616 642 682 maiori
665 613 814 700 periculo
835 636 915 683 esse
936 618 1128 684 etiamGer·
1179 638 1253 684 rura
1274 618 1475 703 praecipuae
1497 630 1530 681 et
1553 615 1797 681 ornatissimae.
2152 682 2155 687 ,

144 705 266 771 mia
330 701 393 768 Est
414 704 559 770 usitatus
579 720 714 768 versus:
747 706 833 769 Tunc
853 712 910 770 tun
931 723 988 770 rer
1008 706 1128 788 epitom,
1266 704 1373 787 Capta
1390 715 1442 768 est
1460 700 1695 781 ablohnnreto,
1708 715 1886 789 postquam
1904 699 2003 767 sinml
2015 711 2051 767 et
2071 711 2163 771 um

142 792 259 876 petrin
278 809 350 856 carn
366 798 543 875 muriam
561 790 666 855 ardet.
731 787 775 853 Et
795 802 888 853 recte
910 790 990 854 dicit
1011 790 1128 856 liesio·
1179 802 1214 855 ct
1235 790 1317 854 mari
1339 800 1528 875 oppuvuata
1550 788 1669 853 socrat.
1734 789 1819 854 Num
1842 809 1884 853 ex
1906 800 2006 875 porta
2027 788 2163 857 taudem

146 877 234 945 ht·
258 878 349 956 siaa
374 875 465 951 eorde
492 885 597 957 patrna
624 870 717 938 ὅσσον
747 872 773 937 r’
795 874 913 956 ἅγαθος
928 876 994 958 pry'
1015 872 1126 962 ὄνειαρ.
1179 876 1317 960 irruptio
1339 877 1372 940 in
1394 839 1510 942 unirent
1533 873 1624 940 iacta
1646 885 1707 938 est.
1774 874 1955 960 imperator
1986 870 2162 942 l‘alaeclo·
2197 868 2204 883 '

146 960 289 1029 Accedit
309 960 384 1044 bae,
406 963 496 1048 qnod
518 961 623 1027 nostri
646 962 813 1045 principes
838 963 870 1026 in
883 963 1062 1029 Germania
1082 964 1127 1029 ad
1178 983 1243 1050 gns
1267 965 1299 1027 in
1321 963 1394 1046 ipsa
1416 974 1524 1047 porta,
1543 981 1619 1027 cum
1641 980 1720 1045 spes
1738 962 1800 1046 ipsi
1821 963 1854 1026 in
1877 959 1959 1048 iuga
1982 962 2161 1029 essevide·

73 1070 77 1075 ·
145 1049 285 1116 mictu
304 1049 440 1115 modium
464 1045 715 1124 tumultuantur,
731 1050 819 1112 sicat
840 1044 962 1113 sactum
985 1060 1127 1115 estante
1178 1059 1281 1128 retur,
1302 1047 1357 1115 vel
1380 1048 1565 1114 trucidatos
1587 1057 1648 1129 est,
1673 1044 1913 1113 relcollisione
1935 1050 2039 1113 bitere
2096 1059 2161 1116 tus.

147 1135 288 1201 cnidiam
321 1132 643 1219 Constantinopolis:
678 1134 857 1200 Praeterea
889 1131 981 1201 nulla
1011 1135 1126 1200 estin
1178 1135 1325 1200 Fuerunt
1347 1136 1432 1199 eninr
1456 1135 1488 1198 in
1511 1144 1605 1216 porta
1628 1134 1820 1220 octingenta
1840 1135 2007 1198 cadavera
2025 1131 2161 1199 eoliae·

146 1240 269 1308 magua
289 1219 459 1286 bominum
481 1234 576 1307 parte
599 1221 779 1285 invocatio.
1178 1242 1250 1286 rum
1273 1233 1307 1286 et
1327 1220 1574 1287 vulneratorum
1598 1234 1742 1302 reperta.
1797 1219 1883 1285 Toto
1906 1221 2027 1298 triduo,
2051 1221 2161 1287 omitia

231 1304 315 1373 Cant
351 1303 641 1391 Constantinopoli
674 1307 807 1370 niarium
829 1300 942 1371 laxata
965 1316 1057 1371 esset
1079 1305 1126 1370 di·
1177 1304 1308 1372 scelera
1331 1304 1421 1372 iacta
1443 1317 1532 1383 satit,
1555 1305 1951 1390 antequamlllahnmetes
1975 1307 2090 1371 orbern
2111 1306 2160 1372 in·

147 1391 299 1478 caiphan,
333 1393 419 1458 sicut
439 1391 501 1458 fuit
521 1391 773 1457 anroenissimus
799 1387 908 1468 locos,
932 1391 1051 1456 deinde
1072 1410 1126 1457 se·
1177 1412 1319 1479 gressus
1351 1405 1421 1472 est,
1459 1412 1559 1477 quam
1596 1392 1741 1476 praedae
1779 1391 1917 1459 militurn
1950 1393 2160 1476 permiserat,

147 1490 245 1545 caua
274 1490 354 1562 aunt
384 1499 524 1562 poenae.
566 1478 642 1542 Non
675 1488 787 1562 potest
808 1496 887 1543 esse
908 1476 1125 1542 truculentius
1178 1480 1330 1544 ibitinux
1352 1478 1573 1563 imperatoris,
1596 1489 1628 1542 et
1651 1479 1839 1564 quicunque
1860 1498 2019 1565 proceres
2038 1477 2160 1564 reperti

145 1565 337 1650 Imperium,
369 1584 468 1651 qaam
509 1565 599 1629 ottod
638 1576 690 1627 est
729 1562 922 1629 'l'orcarunu
995 1563 1125 1629 Nomen
1177 1577 1267 1643 sunt,
1288 1569 1385 1631 iussu
1408 1562 1587 1629 blulrometi
1610 1564 1747 1629 dissecti
1769 1576 1857 1631 sont.
1898 1563 2086 1630 Namnasa
2108 1575 2160 1631 ert

145 1650 270 1736 ipsum,
302 1652 418 1731 littra,
449 1633 617 1738 significat
639 1659 863 1730 vastatorem,
893 1644 947 1714 vol
967 1650 1126 1714 vastatio·
1177 1652 1296 1717 donitas
1319 1651 1503 1715 meretricis
1526 1662 1559 1714 ct
1580 1646 1730 1734 lupanar.

145 1756 231 1803 uem.
1264 1734 1325 1803 lllc
1357 1738 1445 1803 idem
1474 1733 1643 1801 blahomet
1674 1733 1797 1801 delevit
1818 1734 1983 1814 Athenas,
2012 1749 2049 1802 ut
2069 1755 2160 1805 nunc

228 1821 427 1911 Byzantium
467 1822 619 1887 scribunt
656 1819 778 1887 iiraeei
818 1817 923 1885 inisse
961 1817 1125 1885 coloniam
1178 1819 1258 1888 nihil
1280 1824 1346 1887 sint
1367 1824 1430 1888 nisi
1451 1842 1571 1909 pagos.
1594 1821 1789 1891 Piscatores
1810 1823 1855 1887 ibi
1879 1826 2014 1907 capriani
2034 1823 2159 1908 pisces,

147 1902 469 1994 Carthaginensium.
524 1909 599 1973 Fuit
622 1908 708 1971 enim
731 1907 960 1991 potentissima
976 1917 1126 1991 tempore
1177 1909 1234 1995 qui
1256 1922 1417 1975 vocantur
1438 1914 1537 1993 tpnui.
1593 1906 1729 1973 'lhebne
1756 1906 1866 1974 adhoc
1890 1920 2024 1975 manent
2045 1921 2159 1976 atcan-

146 1990 340 2060 Alcxandri.
384 1993 552 2079 Carthago
575 1995 649 2059 iasa
669 1992 731 2058 suit
752 1990 887 2059 colonia
897 1990 1071 2078 Tyriorum
1093 2005 1126 2057 et
1177 2015 1260 2081 quet
1282 1997 1366 2061 siout
1391 2008 1424 2060 et
1442 1992 1634 2073 Corinthus,
1656 2014 1853 2080 quamquam
1874 2009 1953 2060 sunt
1974 1993 2039 2061 suh
2050 1996 2155 2063 servi·

147 2066 332 2157 Bidonunr.
361 2079 491 2145 Nomen
510 2079 721 2166 Cantiaginis
740 2091 803 2159 est,
825 2080 921 2164 quasi
944 2077 1051 2163 dieas,
1081 2079 1126 2145 ci·
1178 2094 1257 2147 tute.
1291 2080 1411 2166 Spuma
1428 2094 1671 2145 utnmvoeatur
1688 2080 1909 2167 Lysistratus,
1931 2093 1963 2146 et
1984 2092 2039 2147 est
2060 2079 2160 2168 plane

145 2173 228 2233 aare
251 2164 325 2233 Dei.
393 2164 603 2252 Usurparont
636 2166 722 2231 eninr
757 2152 1042 2252 Carthaginenses
1063 2160 1125 2228 liu·
1178 2164 1279 2233 fatale
1301 2188 1433 2245 nioman,
1456 2164 1577 2231 solutio
1601 2168 1816 2233 exercituum:
1835 2165 1964 2232 scilicet
1983 2166 2157 2239 Graeciae.

145 2272 244 2341 guam
267 2250 480 2331 Phoenicum,
503 2272 589 2338 qaae
611 2265 663 2319 est
684 2250 793 2316 vicina
814 2248 947 2337 linguae
970 2248 1126 2315 Hebraei·
1264 2252 1429 2318 lohannes
1463 2250 1581 2317 llihlen
1617 2251 1813 2332 blottachus,
1847 2254 1901 2339 qtri
1934 2251 1997 2319 snit
2022 2252 2079 2319 lila
2104 2254 2159 2331 de·

146 2356 219 2403 cae.
282 2338 388 2403 Sidon
411 2350 464 2403 est
485 2339 571 2404 idem
594 2338 683 2425 qood
713 2340 861 2415 Varenum·
882 2334 1004 2422 Tyrus,
1024 2339 1126 2403 radei-
1178 2340 1288 2424 burgi,
1311 2352 1344 2404 ct
1366 2350 1515 2405 mortuas
1537 2349 1589 2402 est
1613 2337 1752 2417 lsenaei,
1769 2341 1836 2403 scri
1850 2341 1919 2405 istc
1941 2339 2041 2406 Anno
2066 2340 2105 2405 1·

145 2425 196 2492 a‘r.
241 2420 526 2509 Carthaginenses
549 2425 673 2509 passim
695 2422 894 2509 navigantes
918 2422 1125 2487 deduxerunt
1180 2429 1246 2506 Gap
1269 2436 1302 2489 et
1322 2428 1436 2506 Mapap
1458 2423 1711 2488 dominabuntur
1732 2426 1764 2488 in
1789 2424 1833 2488 lta
1850 2427 1880 2489 ia
1910 2437 1943 2490 ct
1965 2427 1999 2491 ia
2022 2425 2158 2493 tiernus

145 2504 267 2577 taoltas
300 2507 453 2595 colonius
486 2511 519 2574 in
542 2511 636 2576 vatia
657 2504 745 2572 loca.
812 2506 859 2572 lta
880 2503 1045 2573 coloniam
1068 2507 1124 2573 de·
1176 2513 1241 2575 tria.
1308 2510 1380 2595 Ego
1404 2531 1502 2574 araim
1525 2527 1598 2573 ntea
1626 2506 1711 2575 lraee
1732 2513 1835 2575 verba
1864 2512 1980 2597 excepi
2003 2532 2045 2577 cx
2066 2508 2158 2579 illius

145 2594 310 2663 dunecani
330 2594 543 2683 Byzantium,
570 2595 625 2660 uhi
660 2605 712 2657 est
734 2607 943 2677 opportunus
966 2593 1125 2659 traiectos
1177 2598 1315 2679 scripto,
1333 2596 1422 2681 quod
1445 2594 1523 2679 logi.
1558 2593 1762 2680 interrogavi
1784 2595 1960 2662 Dourinom
1984 2594 2158 2678 deLaski,

144 2680 366 2768 iuBuropam.
406 2680 514 2755 Quam
537 2682 580 2747 ob
603 2692 803 2746 caussauret
820 2678 1059 2746 Constantinus
1080 2678 1125 2745 ibi
1180 2685 1286 2760 Quare
1311 2686 1431 2748 Trnrue
1452 2701 1516 2746 aran
1535 2689 1723 2763 upapaterent
1742 2686 1851 2762 pretias
1872 2687 2011 2763 irratam,
2032 2686 2090 2750 abi
2102 2704 2157 2751 rtr-
2201 2763 2204 2767 ¹

145 2765 249 2849 soluit
269 2788 349 2833 esse
370 2768 485 2833 sedem
506 2765 645 2834 Romani
668 2766 805 2850 imperil.
1176 2771 1233 2835 ber
1254 2778 1363 2835 essent
1379 2768 1626 2852 pritanerouae,
1648 2776 1681 2832 et
1699 2776 1841 2835 tutatores
1862 2772 2022 2836 diuitiae?
2054 2767 2158 2850 Dixit,

228 2852 359 2921 Nomen
381 2852 535 2939 Byzantii
567 2866 630 2933 est,
664 2853 761 2938 quasi
789 2851 894 2930 dicas,
915 2854 1029 2918 domuc
1049 2870 1126 2935 optt-
1177 2875 1370 2940 aequoque
1393 2849 1512 2919 deillu
1536 2851 1740 2919 relocatum
1764 2874 1838 2919 enm
1861 2852 2156 2922 TurcisConstan·

145 2943 272 3023 testea,
293 2942 373 3026 quia
394 2938 455 3005 luit
475 2941 556 3006 urbs
580 2953 700 3024 patens
722 2949 756 3003 et
778 2935 948 3023 opulenta.
980 2935 1046 3003 Alii
1070 2938 1126 3002 de·
1177 2936 1327 3025 tiuopoli,
1349 2951 1381 3004 et
1404 2937 1619 3022 respondisse
1640 2937 1804 3004 'lurcicos
1827 2955 1999 3025 satrapas:
2032 2943 2072 3008 Si
2092 2949 2157 3010 iam

146 3024 270 3109 ducunt
290 3047 311 3091 a
332 3030 418 3093 Betb
436 3045 530 3111 oona,
548 3041 584 3091 ut
605 3028 649 3091 sit
672 3024 790 3089 donnus
813 3042 1002 3107 cauponae,
1036 3022 1125 3127 qood
1176 3030 1363 3092 tnrmterent
1383 3026 1531 3090 ltaliam·-
1547 3034 1614 3090 trnn
1638 3027 1845 3092 Gerirtaaiara
1860 3030 2040 3094 eremitam
2059 3049 2157 3113 porse

146 3123 194 3178 cst
214 3131 338 3177 nornen
360 3112 561 3177 conveniens
583 3111 730 3194 emporio
751 3110 785 3175 in
806 3106 883 3175 loco
896 3104 1125 3194 voluptatibus
1171 3109 1268 3195 ferre
1288 3131 1388 3195 oriem
1416 3112 1486 3176 Sed
1504 3112 1537 3175 ri
1552 3119 1649 3192 priris
1669 3120 1818 3178 tererent
1839 3116 2050 3198 dorononiam,
2068 3124 2156 3199 pott-

146 3209 342 3289 opportuno.
386 3197 423 3263 lu
457 3195 565 3275 hellis,
590 3194 814 3277 Graecorum,
835 3194 999 3261 interdum
1020 3196 1125 3260 Laee-
1176 3219 1217 3266 ea
1237 3202 1367 3264 linitum
1388 3202 1473 3263 altro
1491 3201 1659 3279 fracturum
1680 3199 1880 3265 Medionem.
1924 3199 2022 3281 ltcm,
2054 3202 2156 3267 maio·

147 3282 412 3361 winemarum,
455 3294 693 3370 nonnunquam
734 3280 988 3347 Atheniensium
1031 3280 1125 3346 socia
1176 3305 1247 3351 rem
1276 3281 1354 3349 belli
1382 3296 1500 3349 cerrtra
1524 3283 1737 3346 Gctnnaniam
1759 3287 2037 3369 opportunitatem
2057 3305 2155 3363 esset

148 3364 221 3437 tute
253 3367 428 3456 Philippus
461 3367 603 3435 blaeedo
632 3389 770 3456 *quoqne
802 3388 876 3433 eam
909 3368 1124 3455 oppugnauit,
1176 3372 1253 3456 qaia
1271 3371 1451 3455 praecipua
1473 3370 1620 3454 potentia
1642 3367 1783 3434 'l'urcica
1804 3372 1847 3436 sit
1873 3373 2060 3457 equestris,
2083 3392 2155 3439 nec

149 3452 201 3523 cui
220 3474 259 3521 se
281 3468 359 3541 post
381 3457 568 3521 diuturnam
590 3455 797 3521 obsidionem
819 3453 955 3520 dedidit.
1176 3469 1298 3523 tanatum
1321 3476 1397 3521 esse
1419 3457 1598 3539 potentium
1622 3452 1811 3535 classicam,
1839 3471 1877 3523 ut
1909 3456 2008 3523 facila
2033 3458 2154 3525 adduci

231 3541 392 3607 Romanis
414 3543 621 3626 temporibus
643 3541 789 3607 Severus
809 3538 1008 3627 Byzantium
1037 3539 1124 3604 obsi·
1175 3545 1283 3630 possit
1315 3543 1348 3607 in
1385 3539 1521 3606 ltaliam.
1587 3540 1654 3605 Sed
1685 3560 1726 3607 ex
1749 3541 1925 3608 Germania
1950 3544 2154 3610 commodius

148 3626 244 3695 Bone
267 3628 368 3694 cinxit
390 3639 494 3693 totum
516 3629 690 3693 triennium
712 3639 746 3692 et
774 3636 952 3693 semestre:
984 3646 1025 3690 ac
1053 3637 1124 3691 tan·
1186 3629 1340 3694 rurreniri
1375 3647 1478 3712 posse
1514 3647 1586 3691 cum
1609 3629 1755 3693 exercitu
1784 3629 1931 3714 equestri
1960 3632 1991 3694 in
2015 3628 2152 3697 ltaliam.

147 3712 219 3780 deni
242 3715 356 3800 coegit
383 3715 428 3780 ad
449 3714 661 3791 demtionem,
685 3724 718 3777 et
740 3732 853 3777 muros
875 3712 1048 3777 destruxit.
1092 3711 1123 3777 Α
1174 3652 1267 3780 ilaec
1284 3719 1432 3801 cogitate
1454 3714 1568 3787 lrorlie3
1589 3714 1665 3798 quia
1687 3725 1836 3801 tempora
1847 3716 1969 3780 dehent
1983 3735 2047 3780 uos
2064 3736 2154 3783 cotn-
2198 3770 2203 3777 .

144 3796 273 3870 Seuero
301 3820 409 3886 usque
435 3800 485 3865 ad·
508 3800 759 3864 Constantinum
781 3800 859 3862 anni
881 3807 959 3864 sunt
980 3808 1122 3864 eentum.
1174 3801 1385 3867 utronefacere
1418 3803 1460 3865 dc
1491 3801 1611 3865 iudicio
1641 3797 1717 3879 Dei,
1746 3814 1777 3865 et
1800 3798 1958 3886 exemplis
1981 3803 2051 3868 irae
2072 3803 2153 3869 divi·

145 3883 275 3957 lotcrea
294 3905 358 3950 nee
379 3888 461 3953 urbs
483 3887 645 3968 restituta,
667 3903 729 3950 nee
742 3886 920 3949 ⁴mnru’snnt
939 3885 1122 3951 instaurati.
1174 3908 1237 3954 nae
1260 3900 1377 3951 contra
1398 3899 1538 3972 peccutu
1561 3888 1694 3973 generis
1716 3884 1860 3951 lanrnuui.

145 3970 210 4038 Sed
234 3970 474 4038 Constantinus
497 3972 743 4058 opportunitate
763 3965 829 4035 loci
851 3984 978 4048 motus,
1005 3971 1121 4036 urbem
1259 3972 1431 4059 Reliquias
1451 3975 1569 4037 artium
1593 3971 1752 4036 habemus
1775 3969 1884 4037 solum
1904 3991 1945 4039 eu
1968 3973 2051 4040 urhe
2062 3971 2151 4042 Con·
2248 3985 2249 3988 ’

145 4076 210 4125 aon
232 4058 334 4124 niodo
351 4060 505 4137 restituit,
528 4060 588 4123 sed
618 4058 716 4123 etiam
743 4054 1022 4142 splendidissimis
1044 4077 1064 4121 o
1089 4076 1122 4121 e·
1173 4058 1400 4145 stantinopoli.
1444 4058 1528 4124 Nam
1550 4079 1611 4143 per
1632 4055 1748 4123 exules
1771 4057 1921 4123 Graecos
1943 4060 2077 4129 invecta
2098 4075 2152 4129 est

144 4144 255 4222 aihas,
287 4156 319 4209 et
341 4145 500 4230 dignitate
522 4144 671 4223 ornavit,
704 4156 738 4208 et
758 4161 899 4227 prorsus
929 4137 1035 4207 voluit
1058 4078 1122 4208 tio·
1174 4147 1379 4212 doctrina-in
1402 4142 1539 4210 ltaliam.
1603 4142 1678 4230 Ego
1710 4145 1818 4210 audivi
1843 4143 2048 4230 Capnionem
2069 4149 2152 4214 reci·

145 4246 217 4297 mae
237 4250 350 4315 parem
374 4251 469 4305 esse;
492 4232 570 4315 quia
591 4232 676 4294 situs
698 4230 742 4294 ad
765 4225 1029 4312 Hellespontum,
1053 4226 1122 4294 val·
1173 4243 1309 4310 tantem,
1331 4253 1369 4297 se
1391 4233 1559 4299 audiuisse
1581 4229 1851 4317 Argyropnlmu,
1882 4233 1916 4297 in
1938 4230 2032 4299 ltalia
2052 4234 2152 4300 inter·

144 4314 184 4381 de
217 4329 424 4401 opportunus
457 4313 518 4382 suit
547 4317 701 4401 imperiis.
745 4313 913 4381 lilinimmn
936 4314 980 4379 ibi
1003 4314 1124 4380 distant
1172 4331 1356 4403 pretentem
1378 4316 1614 4403 'l'lnrcydidenn
1660 4315 1802 4383 Dicebat
1821 4340 1860 4383 se
1884 4320 2019 4385 uenisse
2039 4321 2074 4386 in
2094 4341 2151 4388 aa·

143 4396 277 4486 Europa
299 4414 332 4468 et
352 4403 447 4469 Asia.
491 4403 563 4469 Nee
587 4402 875 4489 incommodasest
895 4401 1065 4488 navigatio
1089 4402 1121 4468 iu
1174 4406 1336 4482 ditorinm,
1358 4415 1391 4468 et
1413 4400 1783 4488 interrogatumabillo,
1805 4405 1942 4484 dixisse,
1964 4426 2002 4470 se
2024 4407 2150 4487 uenire,

143 4482 301 4553 Africam.
1173 4503 1209 4556 ut
1231 4491 1358 4555 audiret
1380 4487 1503 4574 aliquid
1525 4489 1666 4555 Graece.
1733 4489 1816 4555 Tum
1843 4488 1915 4556 ille:
1950 4491 2070 4558 Scisne
2091 4491 2151 4558 ali·

194 4648 197 4653 ¹
229 4572 362 4640 Graeca
389 4571 504 4640 arnone
536 4588 570 4638 et
608 4574 758 4639 Graecae
798 4570 892 4660 leges
926 4594 966 4639 eo
1000 4569 1122 4639 allatae
1174 4577 1252 4660 quid
1275 4574 1428 4640 Graecei
1492 4574 1583 4653 Scio,
1606 4576 1709 4661 inquit
1730 4574 1867 4662 Capnio.
1933 4576 2039 4664 Lege,
2072 4578 2149 4644 dicit

144 4668 233 4738 sont,
265 4661 343 4747 quia
375 4672 410 4726 ot
436 4627 680 4747 hlegorensium
702 4657 835 4726 colonia
856 4656 934 4726 olim
957 4680 997 4727 eo
1021 4660 1120 4727 dedu·
1173 4657 1418 4747 Argyropulus.
1485 4659 1582 4748 Legit
1604 4660 1741 4747 Capnio.
1796 4659 2024 4748 intelligisne?
2078 4662 2149 4730 an·

143 4756 198 4811 eta
219 4742 324 4811 fuisse
345 4747 513 4813 scribitur.
1173 4744 1365 4833 qtrantclum
1386 4742 1545 4833 intelligo.
1591 4747 1686 4820 Quae
1718 4759 1771 4814 est
1792 4749 1976 4815 sententia?
2007 4749 2149 4818 reddidit

229 4831 313 4898 Post
344 4844 493 4916 tempora
528 4830 736 4898 Constantini
762 4828 824 4897 suit
847 4828 1045 4898 domicilium
1067 4853 1121 4896 sa·
1173 4836 1577 4918 utcuntpttesetttentian13
1600 4834 1641 4911 0,
1664 4835 1756 4912 dixit,
1779 4833 1922 4900 Graecia
1944 4849 2060 4902 nostro
2082 4839 2161 4903 auia

142 4918 295 5003 pientiae,
317 4916 503 5003 religionis,
532 4931 563 4983 et
584 4918 721 5001 imperii.
788 4917 861 4983 Fuit
888 4919 933 4983 ibi
967 4916 1121 4984 Ecclesia
1173 4917 1216 4984 lio
1239 4920 1459 4986 transvolavit
1481 4921 1579 4984 etiam
1601 4918 1716 5006 Alpes.
1752 4921 1826 4985 Fuit
1848 4922 2083 5009 Argyropnlus
2105 4946 2147 4990 ex

142 5018 234 5069 recte
257 5005 446 5081 constituta,
471 5019 503 5070 et
519 5004 714 5091 plerumque
737 5018 828 5069 reete
851 5004 1118 5088 sentienteshpi·
1170 5002 1294 5071 sarriilia
1316 5009 1485 5071 senatoria
1507 5019 1540 5070 et
1562 5006 1788 5091 huperntnria.
1832 5006 2032 5075 'l'heodorcs
2054 5010 2149 5076 Gaza

141 5092 248 5175 scopi.
291 5089 365 5155 Nec
384 5089 461 5177 plus
480 5094 597 5157 artium
620 5088 680 5154 suit
700 5091 840 5176 uspiam,
863 5101 940 5176 post
961 5088 1118 5155 scholam
1169 5088 1228 5158 suit
1249 5090 1575 5169 'Thessalonicensis
1597 5094 1809 5158 doctissimus
1831 5096 1881 5160 vir
1911 5091 2001 5159 illins
2021 5108 2148 5182 tempo·

141 5171 415 5258 Alexandrinam,
437 5198 535 5263 quam
555 5177 720 5263 Byzantii.
764 5176 866 5256 item,
880 5173 942 5245 luit
956 5178 1119 5244 ibiSena·
1169 5179 1241 5245 ris.⁴
1272 5176 1322 5245 lili
1354 5175 1534 5246 intulerunt
1559 5176 1704 5267 linguatu
1738 5177 1903 5246 Graecam
1930 5192 1965 5247 ct
1993 5179 2147 5271 Philoso-

1125 4760 1149 4783 *r
