4620 5588
168 188 235 260 utn
853 186 1070 257 noemma
1096 186 1495 256 amamur-romana.
1631 224 1638 239 x
1896 221 1900 227 ·
2113 188 2183 261 sto
2299 181 2302 187 ’

169 390 251 469 pere
270 380 500 449 remissionem
522 389 735 465 peccatorum
746 398 808 465 per
818 376 950 460 liliam,
964 378 1149 467 apprehen·
1194 375 1326 455 saone
1347 395 1494 459 corpora,
1517 385 1549 441 rt
1565 377 1713 458 faciendi
1720 377 1873 455 limis,
1896 386 1927 442 et
1948 379 2086 446 dolendi
2103 374 2181 465 pmss

170 473 251 536 dere
273 467 404 546 Filium,
424 467 551 534 hahere
562 466 806 533 inchoationem
819 468 1040 547 obedieutiae,
1062 487 1150 554 quaa
1193 467 1311 546 aniam,
1345 464 1382 524 td
1403 470 1460 536 eti,
1491 483 1542 525 m
1576 485 1617 527 (ω
1643 465 1817 545 firmarier
1834 469 1996 549 montius
2018 476 2050 530 at
2070 469 2180 551 diqu-

168 566 346 642 propterea
367 551 496 641 placet3
528 555 605 640 quia
632 554 704 619 cius
732 554 919 619 ohedientia
956 555 1056 619 nobis
1090 555 1149 620 im·
1198 551 1296 613 nardi
1317 549 1527 632 desumpto
1551 552 1693 627 obiitin
1715 559 1748 618 ei
1770 554 1813 617 “d
1838 553 1917 617 iaec
1938 556 2102 617 retinendo
2123 557 2181 623 ito·
2237 546 2240 565 '

168 654 312 728 putatur.
1199 636 1273 698 iens
1294 636 1503 715 deseruissem
1524 637 1703 701 ordinatam
1728 639 1856 720 lapitas.
1879 642 2009 707 Servus
2031 663 2101 709 nott
2120 641 2178 709 ho·

256 724 430 789 Permisita
441 723 583 798 Caesari,
606 725 954 809 praesumeremus]
976 724 1149 792 liicetiam
1200 724 1257 788 het
1279 719 1470 789 facultatem
1492 724 1674 791 discidendi
1696 747 1718 792 a
1738 723 1902 804 Domin03
1933 722 2081 815 elingit,
2106 749 2179 794 sus·

169 823 258 880 meta
291 826 343 878 est
371 812 550 879 constituta
603 811 797 897 rincipibos.
845 808 944 874 Werm
966 832 1036 873 moa
1058 821 1150 895 sapt:
1199 810 1364 896 penalitur.
1407 808 1544 897 Loquor
1572 811 1613 877 do
1645 812 1776 890 servis,
1804 813 1891 879 sicut
1925 810 2002 878 olim
2025 815 2179 881 rtomina·

170 898 283 962 Omnia
299 899 546 980 mutpriaripis,
587 897 683 961 ridie
697 894 882 984 glossapat
895 898 1014 982 decep.-
1036 900 1149 985 quoad
1200 896 1321 959 bantur
1348 897 1447 959 servi.
1492 894 1604 973 'iales¹
1621 917 1687 963 non
1717 896 1820 965 hahet
1848 911 2048 984 potestatem
2070 921 2093 965 a
2113 920 2180 969 suo

133 992 135 1001 ¹
169 983 410 1064 defensionem,
432 1004 499 1050 nou
521 986 632 1070 quoad
656 985 911 1069 proprietatem
929 987 1007 1071 quia
1029 982 1083 1050 lea
1102 985 1149 1049 di·
1200 977 1345 1045 Domino
1366 982 1408 1045 ad
1432 979 1529 1047 aliurn
1552 1003 1591 1046 se
1608 981 1843 1065 transferendi,
1863 987 1965 1050 invito
1978 982 2179 1051 dominovel

169 1072 246 1136 vina
268 1071 346 1136 dicit
368 1070 465 1136 etiam
487 1071 647 1138 dominis:
677 1068 753 1133 Noa
769 1071 889 1149 tanam
906 1071 1019 1150 socies.
1063 1070 1150 1137 Sunt
1174 1064 1179 1157 Ι
1200 1063 1346 1132 nolente.
1381 1064 1513 1133 Deinde
1534 1089 1654 1135 servus
1676 1068 1733 1134 irat
1759 1070 1846 1136 aicit
1871 1071 1974 1136 raucit
2003 1093 2038 1133 er
2058 1093 2122 1136 acar
2142 1094 2180 1135 ut
2224 1151 2225 1154 Ἴ

169 1157 337 1222 ordinaria
369 1156 568 1236 constituta,
595 1176 682 1242 quae
718 1157 767 1220 eis
801 1157 975 1223 debemur.
1027 1156 1150 1223 Postea
1198 1152 1383 1234 minutim,
1406 1154 1487 1215 derra
1509 1175 1543 1216 er
1564 1154 1620 1220 bct
1635 1155 1739 1221 uirbis
1757 1161 1873 1240 dyest,
1894 1159 1958 1223 nisi
1982 1160 2188 1245 quodabra«
2244 1212 2248 1219 ,

168 1239 279 1329 aliqua
320 1243 521 1309 contributio
553 1245 587 1308 in
620 1243 822 1308 necessitate
853 1241 1006 1328 publica,
1037 1241 1150 1330 aliqua
1200 1240 1249 1303 dit
1273 1241 1316 1304 de
1337 1241 1505 1306 demenso.
1551 1241 1729 1308 Praeterea
1762 1264 1882 1309 servus
1916 1248 2049 1332 cogitur
2075 1242 2181 1312 arulis

172 1328 398 1414 superindicta
420 1330 461 1394 iis
485 1329 583 1399 etiam
606 1330 752 1394 debetur.
1199 1323 1310 1391 alieno
1332 1327 1468 1393 arbitrio
1491 1326 1616 1407 lacere,
1641 1328 1738 1394 etiam
1761 1330 1930 1396 indecore.

254 1415 400 1493 Quaero,
423 1426 531 1480 utrum
550 1414 704 1480 Christus
716 1413 915 1500 Categorice
927 1413 1154 1502 respondenti
1286 1412 1353 1479 iste
1376 1411 1519 1499 populus
1538 1411 2073 1501 israelhabebatpromissionem,
2088 1418 2178 1504 quod
2283 1444 2289 1457 2

168 1497 305 1567 Contra.
351 1499 428 1565 Non
450 1500 541 1580 dicit,
598 1503 662 1566 trud
692 1497 751 1566 iiia
777 1502 895 1587 pensio
923 1501 967 1566 sit
990 1503 1151 1581 debitum,
1199 1492 1330 1564 iuturus
1353 1512 1445 1563 esset
1467 1498 1571 1578 litter,
1605 1503 1655 1566 sic
1677 1512 1803 1567 utnon
1825 1515 2005 1589 cogeretur
2025 1524 2045 1569 a
2068 1515 2178 1591 tyran-

169 1588 230 1652 sed
254 1587 333 1652 dicit
353 1588 388 1651 in
410 1606 552 1674 genere:
575 1522 678 1658 diate,
722 1586 791 1650 lmo
839 1588 947 1653 aaudo
969 1589 1060 1653 iubet
1084 1589 1149 1653 sibl
1200 1587 1252 1650 nis
1275 1586 1317 1651 ad
1339 1586 1593 1669 superstititsos
1616 1584 1738 1667 cultus,
1764 1600 1799 1653 ut
1820 1609 1887 1653 nort
1909 1590 2117 1674 eriperentur
2138 1584 2217 1656 liv*

147 1673 300 1737 'ostendi
324 1672 506 1752 denarium,
540 1685 573 1738 et
605 1684 780 1778 extorquet
812 1608 860 1739 dis
891 1670 1149 1755 consessionem,
1172 1693 1177 1767 Ι
1199 1673 1471 1758 heriperentibus
1480 1671 1639 1738 horreos.
1650 1672 1773 1739 ltemut
1782 1687 1937 1760 parentes
1949 1690 2088 1762 possent
2097 1696 2178 1741 esse

216 1759 260 1822 od
282 1744 339 1823 ille
361 1758 493 1823 denaris
514 1759 559 1824 sit
581 1757 750 1834 Caesaris,
773 1780 814 1824 eo
836 1760 845 1823 i
869 1781 909 1824 se
931 1760 1040 1840 (locet,
1058 1759 1148 1847 quod
1199 1758 1231 1821 in
1244 1754 1459 1824 facultatibus
1468 1759 1622 1844 propriis,
1633 1758 1796 1825 etltahere
1803 1763 1984 1847 proprium,
1995 1762 2072 1823 dass
2082 1764 2129 1823 sie
2139 1784 2181 1826 so

194 1844 328 1910 manus
351 1846 512 1911 debeatur
533 1844 681 1910 Caesari.
726 1844 782 1906 lia
801 1783 894 1907 iaia
909 1846 974 1927 psit
995 1850 1045 1908 ait
1065 1845 1150 1910 »sehr
1199 1843 1826 1924 oieihettcn,damieibrcltiaderioatea
1838 1846 2176 1930 cleronomialem.

167 1931 201 1989 ia
234 1950 335 1995 sturm
360 1929 499 2004 imitat,
546 1930 599 1996 iba
630 1929 701 1993 reid
737 1930 824 1995 nicht
863 1932 947 1994 meir
978 1934 1149 1997 mantzmai-
1284 1929 1403 1997 Turcis
1426 1932 1613 2016 penduntur
1633 1943 1772 2018 quartae
1789 1935 1945 2013 omniunt,
1958 1935 2055 2000 etiam
2071 1934 2181 2002 lucto·

166 2021 231 2078 tter
256 2021 298 2081 ira
325 2015 428 2080 tanda
474 2018 736 2105 Argunrentatur
765 2019 807 2084 ab
837 2016 892 2092 eiii
929 2019 1151 2096 eCaesaris3
1199 2038 1284 2095 rum,
1301 2036 1369 2082 non
1393 2030 1517 2083 tuntum
1564 2033 1760 2084 roventuum
1773 2031 1924 2099 exterra,
1945 2022 2006 2085 sed
2029 2023 2186 2089 oninium.
2293 2025 2299 2035 '

166 2103 243 2190 quia
264 2104 408 2191 pertinet
428 2103 470 2169 ad
489 2101 641 2191 Regalis,
662 2100 718 2170 vel
740 2105 783 2170 ad
805 2103 890 2173 iuris
914 2106 1070 2172 ictionem
1092 2126 1149 2172 su·
1198 2099 1366 2169 lucrorum
1397 2124 1438 2167 ea
1465 2040 1626 2169 mtidciis
1672 2105 1737 2168 Eia
1765 2125 1866 2169 armar
1890 2105 2176 2188 decemimus,

165 2189 341 2274 perierem.
1199 2195 1251 2253 ctu
1271 2188 1427 2263 mamre,
1448 2189 1622 2253 &inuida
1642 2211 1761 2253 mauron
1777 2192 1874 2273 pedes
1885 2205 2036 2277 quanam
2049 2207 2176 2278 partem

1200 2275 1288 2346 ulier,
1300 2275 1401 2336 darer
1413 2275 1590 2356 marrucini,
1602 2277 1675 2339 uber
1683 2278 1994 2342 darmaeseiar'trliei
2006 2292 2105 2366 captui
2115 2279 2177 2342 uile

416 2343 479 2412 EX
498 2345 604 2412 ᾹῙᾸΑ
626 2344 899 2414 ΒΗΑΡδΟὓῙΑ·
1172 2316 1178 2467 Ι
1199 2361 1378 2443 lohrpcben
1400 2364 1487 2425 eiam
1501 2359 1713 2443 vaporarium
1724 2364 1848 2446 patira.
1872 2361 2036 2452 Cogitate,
2053 2378 2177 2452 quanta

251 2448 357 2517 Multa
379 2449 436 2517 bie
464 2451 528 2516 dici
556 2460 695 2537 possent
724 2453 767 2516 de
787 2451 929 2530 insidiis,
955 2468 1042 2537 quae
1063 2460 1149 2515 stru·
1199 2449 1285 2515 haec
1306 2447 1372 2512 sint
1390 2467 1504 2513 onera.
1547 2450 1657 2534 Supra
1685 2449 1769 2515 haec
1797 2453 1938 2536 eripiunt
1963 2448 2092 2517 liberos
2123 2472 2177 2538 pa·

165 2548 266 2607 untur
295 2537 493 2604 docentibus
527 2537 560 2602 in
584 2533 754 2617 Ecclesia,
789 2547 822 2602 et
851 2534 1036 2603 calumniis.
1080 2534 1148 2603 Sed
1199 2535 1361 2614 rentibus,
1382 2554 1469 2595 occa
1489 2536 1536 2595 sic
1557 2534 1680 2616 recites,
1703 2549 1736 2602 et
1758 2535 1848 2603 multi
1871 2534 2061 2603 avelluntur
2082 2558 2102 2602 a
2120 2536 2176 2624 pa?-

165 2627 230 2691 lata
252 2621 415 2711 relinquo.
449 2623 523 2690 Vos
545 2634 744 2689 anunentme
767 2643 976 2689 communem
996 2638 1146 2688 versumt
1199 2622 1360 2699 rentibus,
1382 2621 1438 2709 qui
1460 2640 1626 2707 nunquam
1648 2624 1848 2702 resciscunt,
1860 2644 1945 2712 quos
1956 2622 2101 2688 babeant
2117 2642 2178 2709 pa·

167 2709 266 2777 otta
298 2710 532 2798 κακουργότερον
562 2708 703 2794 διαβολῆς
735 2715 815 2774 ἐστίν
841 2730 902 2774 πω.
951 2705 995 2774 in
1025 2709 1146 2795 quihus
1195 2710 1313 2774 'rentes
1335 2718 1368 2770 et
1390 2720 1571 2795 cognatos:
1602 2718 1636 2774 et
1661 2711 1751 2776 istud
1780 2730 1867 2775 onus
1896 2710 2036 2775 maxime
2064 2707 2178 2796 deplo-

166 2795 317 2865 artidciis
339 2799 403 2863 sint
422 2797 640 2865 instruendae
661 2796 812 2868 insidiae,
835 2817 855 2858 o
880 2797 1092 2862 timsnorunt
1112 2796 1147 2873 ii,
1198 2806 1273 2871 rant
1299 2792 1450 2860 homines
1483 2794 1684 2875 mediocres,
1715 2796 1772 2881 qui
1804 2795 1915 2862 adhuc
1947 2791 2065 2882 reliqui
2097 2806 2179 2863 sunt

167 2885 224 2973 qui
254 2895 423 2951 exercent.
468 2882 661 2949 Alexander
688 2880 832 2970 Magnus
857 2817 972 2948 habuit
996 2883 1084 2968 apud
1107 2902 1148 2947 se
1199 2877 1387 2953 Christiani.
1432 2879 1504 2941 Das
1523 2879 1606 2946 inst
1626 2883 1783 2955 servitus,
1805 2893 1839 2948 et
1860 2882 1985 2948 acerba
2007 2903 2048 2947 ac
2068 2882 2176 2948 tristia

189 2974 358 3051 amitam,
381 2971 469 3058 apud
493 2989 590 3057 qoem
611 2969 645 3034 iu
667 2985 837 3058 postremo
855 2969 1147 3034 conviviotautum
1198 2967 1352 3033 servitos.
1396 2966 1566 3049 Darpepea
1587 2966 1643 3031 iat
1666 2967 1882 3051 doripetron,
1904 2969 2064 3030 ‹larrseia
2085 2965 2178 3033 uehit

166 2993 260 3139 iiim,
280 3072 319 3124 ut
340 3056 418 3123 inde
440 3057 589 3143 ooepen't
606 3069 801 3141 aegrotam
825 3054 955 3123 Medius
971 3053 1028 3118 iat
1049 3074 1147 3137 erpe-
1198 3051 1284 3119 liher
1304 3072 1369 3138 sep.
1415 3052 1488 3119 lloc
1520 3065 1573 3119 est
1604 3052 1758 3140 pulcmm
1791 3056 1926 3128 honum.
1961 3067 1997 3118 ut
2017 3065 2179 3140 parentes

165 3143 280 3211 intes
317 3140 383 3213 itta
404 3142 525 3210 solitos
546 3153 600 3208 est
622 3142 749 3217 dicem:
772 3140 1147 3220 Colammursoadocter,
1198 3141 1362 3208 retineant
1378 3137 1518 3217 liberos,
1536 3152 1570 3205 et
1591 3136 1736 3207 babeant
1758 3151 1885 3207 tantum
1907 3138 2118 3220 facultatum,
2138 3149 2178 3208 ni

165 3248 285 3314 ssnrper
307 3230 431 3314 aliquid
451 3229 575 3293 tanet:
597 3228 629 3293 id
653 3240 717 3309 est,
735 3228 1147 3297 etamtmendactumdc
1198 3246 1259 3292 eos
1281 3224 1422 3292 honeste
1453 3225 1558 3306 alant,
1591 3227 1665 3289 aad
1695 3227 1782 3290 aicit
1815 3249 1852 3289 so
1883 3226 1965 3291 doeh
1997 3226 2180 3292 demun.

166 3317 392 3404 prehenditur,
414 3330 525 3383 tamen
548 3316 742 3382 sauciantur
762 3316 874 3382 animi.
1197 3308 1290 3378 Talis
1313 3327 1385 3379 mat
1416 3306 1532 3397 politia
1563 3309 1707 3381 ludaico·
1750 3314 1872 3399 Saepo
1893 3326 2004 3380 autent
2024 3315 2114 3379 veuit
2141 3314 2177 3379 ln

255 3402 366 3477 Quare
386 3401 503 3488 politia
524 3402 686 3471 Mosaios,
719 3411 753 3466 et
778 3398 986 3467 mirabilibus
1012 3412 1046 3467 et
1072 3396 1146 3486 pul·
1168 3380 1175 3491 i
1197 3399 1402 3465 servitutem.
1447 3397 1502 3459 Do
1524 3397 1631 3479 itompi
1652 3398 1713 3461 dm
1736 3421 1910 3466 commune
1931 3410 2177 3486 argumentum.

168 3486 341 3556 uberrimis
362 3490 559 3555 testimoniis
582 3487 700 3552 divinis
723 3500 924 3553 conservata
956 3489 1011 3565 sit,
1042 3502 1172 3572 saepo·
1325 3517 1555 3581 mmmm
1576 3518 1703 3581 (il-dm
1731 3527 1803 3582 m
1826 3518 2025 3586 mmm
2048 3527 2079 3583 d
2105 3521 2178 3583 m
2268 3566 2273 3583 Ι

167 3572 253 3642 alias
275 3574 407 3642 auditis.
451 3572 547 3640 Deus
570 3568 676 3639 voluit
698 3590 777 3638 esse
799 3584 925 3638 certam
947 3572 1083 3652 sedem,
1111 3573 1145 3638 lu
1310 3669 1313 3673 ι
1361 3603 1494 3684 pum-m
1512 3610 1621 3669 mm

168 3681 233 3747 qua
256 3659 412 3728 Christus
434 3663 700 3739 concionaretur,
722 3658 1145 3739 ostenderetur,sacriiica·
1324 3689 1499 3753 prom„
1520 3692 1630 3753 (pv-M
1652 3697 1721 3754 m,
1759 3692 1853 3756 mam
1871 3690 2021 3776 popum
2047 3676 2179 3757 mnu·

166 3759 232 3828 ret,
251 3746 426 3813 exhiberet
447 3747 654 3821 testimonia,
682 3743 787 3811 voluit
810 3745 909 3810 etiam
930 3764 1010 3811 esse
1030 3745 1145 3812 sedem
1726 3736 1738 3774 ’
2172 3766 2178 3783 ·
2251 3784 2254 3791 -

167 3846 291 3901 certam
313 3831 499 3913 Ecclesiae,
525 3846 559 3899 et
580 3851 706 3913 arcera,
732 3831 822 3899 unde
848 3828 934 3897 aliae
954 3844 1073 3918 gentes
1090 3851 1145 3918 pe·

166 3930 276 3986 terent
310 3920 495 3986 doctrinae.
552 3920 692 4003 Senrper
736 3930 851 3986 servat
893 3914 1037 4005 aliquam
1090 3938 1146 3984 ae·

167 4005 242 4072 dem
276 4004 472 4074 Ecclesiam.
529 4004 598 4072 Sed
630 4001 689 4070 ille
713 4001 859 4092 populus
888 4005 1004 4070 babuit
1033 4003 1146 4092 singu·
1369 4054 1484 4115 mm
1504 4036 1627 4103 dem

165 4087 268 4158 laram
280 4093 535 4179 prontissionem
547 4093 628 4158 certi
640 4089 718 4156 loci.
735 4090 866 4157 Deinde
877 4092 940 4154 ista
952 4086 1065 4175 politia
1074 4101 1147 4155 erat

165 4174 288 4246 liberer
308 4175 455 4244 babebat
477 4178 733 4263 promissionem
756 4175 920 4245 libertatis
948 4173 1146 4265 corporalis.
1282 4170 1458 4240 Pharisaei
1471 4169 1584 4240 ichen.
1601 4172 1633 4241 8.
1656 4174 1786 4241 dicunt:
1808 4172 2176 4257 Narquamsaruioimusr

1197 4260 1245 4326 sie
1265 4260 1341 4322 sind
1360 4261 1497 4324 Ittrt'tien
1518 4280 1674 4343 ponerer.-
1693 4261 1727 4326 id
1750 4271 1825 4341 est,
1856 4260 1980 4326 luimus
2012 4262 2103 4327 servi
2131 4260 2176 4329 de

363 4371 474 4475 Quid
504 4384 568 4457 est
596 4372 761 4456 libertas
791 4365 948 4464 civitat
1196 4344 1395 4522 {ffiffi
1413 4347 1565 4500 ⁴:3⁸2&
1598 4364 1665 4415 ¹¹⁰⁰
1696 4345 1877 4429 1⁰¹⁰²¹i¹¹¹t
1898 4366 2086 4434 ⁸s⁰⁰⁸⁰0r⁰
2117 4366 2176 4415 ω·

1324 3776 1493 3946 &glandia
1508 3860 1631 3945 politio
1651 3867 1842 3947 temperarat
1860 3860 1978 3940 tidem
1999 3863 2051 3927 cei
2065 3886 2085 3926 a
2106 3865 2176 3927 mis-

1372 3970 1439 4012 seta
1471 3947 1648 4013 dimotas
1674 3971 1798 4035 quoquo
1825 3950 1921 4015 modo
1940 3948 2056 4013 iudaei
2086 3971 2176 4015 νοω·

252 4518 328 4585 Non
350 4517 524 4610 intelligite
546 4518 730 4587 libertatem
753 4539 844 4601 esse,
864 4519 1000 4607 vagari,
1021 4530 1057 4585 ut
1079 4518 1145 4585 cul·
1283 4517 1495 4606 despondeo.
1539 4516 1682 4586 Divinae
1702 4518 1945 4606 promissiones
1975 4519 2072 4585 etiam
2099 4527 2186 4586 cor·'

165 4601 247 4671 libet
268 4603 361 4687 libet,
383 4619 420 4672 ot
441 4626 523 4674 aves
544 4608 578 4673 in
597 4626 687 4685 aere,
709 4616 743 4672 et
763 4604 834 4693 lupi
855 4607 888 4672 in
907 4603 1002 4673 silvis
1020 4624 1145 4693 vagan-
1167 4593 1174 4706 Ι
1195 4602 1343 4690 porales,
1365 4619 1443 4671 sunt
1464 4606 1538 4672 siue
1559 4603 1629 4672 ulla
1647 4606 1851 4672 dubitatione
1880 4618 1997 4682 ratae,
2029 4605 2090 4670 sed
2123 4605 2176 4672 sic

166 4701 239 4758 aaz
268 4704 302 4757 et
333 4712 422 4758 nuuc
453 4691 546 4760 multi
569 4695 803 4780 imaginantur,
825 4691 893 4761 boc
915 4713 993 4759 esse
1015 4689 1145 4757 liberta·
1195 4703 1231 4758 nt
1254 4688 1491 4779 intelligantur,
1513 4712 1580 4754 mm
1601 4697 1788 4775 exceptione
1809 4693 2030 4775 contyrannis
2051 4697 2083 4754 ct
2105 4698 2176 4756 cira·

165 4789 231 4844 tem
255 4775 489 4859 Christianam,
513 4781 568 4867 qui
581 4776 782 4846 horribiliter
792 4779 825 4845 in
838 4776 1145 4859 saniant,et1)eum
1196 4781 1261 4841 ris.-
1293 4779 1382 4845 sicut
1414 4775 1469 4844 lex
1500 4779 1574 4864 ipsa
1606 4779 1694 4845 hanc
1733 4780 2036 4867 interpretationem
2068 4778 2172 4844 addit

166 4861 378 4935 contumelia·
399 4860 549 4932 alliciunt
580 4869 645 4933 isto
681 4868 724 4933 ab
757 4888 822 4933 usu
854 4863 1017 4932 libertatis
1051 4863 1146 4930 Chri·
1195 4861 1295 4930 Aliud
1320 4876 1373 4929 est
1396 4864 1594 4951 castigatio,
1626 4862 1716 4932 aliod
1750 4886 1840 4932 crux.
1887 4863 1982 4931 Deus
2010 4864 2176 4952 praedixit

165 4950 305 5015 stlanae.
342 4946 498 5016 Wirtbam
520 4951 583 5016 iiim
605 4950 689 5018 doti
710 4959 798 5015 scrut
820 4974 855 5015 aa
875 4949 948 5025 ciri,
969 4962 1145 5017 nonerunt
1195 4971 1235 5017 se
1264 4952 1451 5036 puniturum
1484 4950 1641 5037 populum
1675 4964 1811 5038 propter
1842 4962 1993 5039 pecema.
2038 4951 2175 5018 hiemini

163 5036 339 5102 addendae
367 5039 542 5123 opiniones
571 5036 833 5106 contumeliosae
859 5040 892 5105 in
922 5038 1043 5103 Deum.
1065 5104 1067 5109 ,
1087 5035 1144 5098 Li·

111 5134 114 5139 '
163 5120 268 5186 &rior
297 5120 436 5205 politica
467 5133 514 5189 ut
542 5125 686 5204 focatius
716 5124 858 5209 lepitimo
889 5123 1018 5191 donem
1044 5128 1144 5187 irone

1194 5035 1340 5104 nobilem
1361 5038 1528 5123 ,quendum
1553 5038 1730 5104 honestum
1751 5044 1876 5119 vitum,
1906 5039 1962 5126 qui
1983 5039 2018 5103 io
2042 5035 2174 5104 calami·

1167 5084 1320 5192 'tatibus
1341 5124 1504 5190 inciderat
1525 5123 1559 5190 ln
1591 5146 1733 5213 magnos
1766 5119 1929 5207 dolores,
1960 5137 1995 5189 et
2020 5143 2109 5211 pene
2139 5124 2176 5191 ht
