4620 5588
158 192 223 260 nt
611 191 637 294 ,¹
835 190 1058 262 rosarum
1090 191 1493 303 uumnuuonunn
1676 236 1683 247 ,
2109 192 2178 263 trs

157 382 456 463 Manichaeorum,
488 402 575 469 qnae
607 383 741 469 quidem
773 395 903 470 pugnat
933 384 1032 449 etiam
1066 403 1141 449 cum
1192 392 1241 448 tat
1263 383 1308 447 ibi
1330 383 1374 446 de
1394 392 1536 466 peccato
1550 382 1698 469 originis.
1732 381 1842 450 Solvit
1852 382 1957 448 multa
1968 395 2174 470 argumenta.

157 472 298 541 ratione.
343 470 427 536 Nam
449 467 507 545 illa
527 472 716 535 necessitas
738 470 941 550 Stoicorum,
959 468 1015 536 vel
1037 471 1143 536 lilani·
1193 469 1278 534 Nam
1312 466 1482 555 Pelagiani
1516 488 1584 533 non
1623 468 1733 535 solum
1773 471 1928 534 dicebant
1968 467 2176 554 disciplinam

158 558 349 637 chaeorum‚
371 554 548 622 rnarrisesta
565 558 757 623 absurditas
782 568 846 638 est,
870 557 1003 644 qnando
1027 558 1142 622 dicunt
1193 567 1364 621 externam
1386 575 1464 621 esse
1485 556 1643 620 iustitiam
1667 576 1781 622 coram
1804 555 1893 631 Deo,
1916 557 1977 620 scd
2000 558 2097 621 etiam
2121 577 2176 622 ne·

157 642 327 710 Neronem
367 644 562 710 necessario
601 640 701 708 taleni
738 663 827 709 esse.
894 643 971 726 lpse
1004 644 1142 708 scrisit
1193 645 1318 729 gabant
1336 652 1511 726 peccatum
1535 644 1684 728 originis.
1728 641 1804 707 Fuit
1821 640 2001 729 Pelagiana
2024 643 2176 710 haeresis

156 744 276 817 postea
300 729 551 797 refutationem
574 728 865 809 Manichaeorum,
890 751 1014 817 neque;
1042 666 1141 795 trihus
1192 732 1226 793 in
1248 727 1418 813 plerisque
1439 730 1601 808 κακοζηλία
1623 726 1865 814 philosophiae.
1930 746 1935 751 ·

158 837 201 884 ex
233 819 403 882 veteribus
436 817 534 901 plura
566 830 700 882 etstaut
732 819 859 903 scripta
892 829 1011 882 contra
1036 816 1141 882 lilani·
1278 813 1489 900 Augustinus
1513 817 1599 879 bene
1621 817 1757 880 meritus
1776 814 1837 880 fuit
1860 816 1901 879 de
1913 813 2079 893 Ecclesia,
2098 834 2175 882 cum

157 905 297 982 chaeos,
320 910 417 990 quam
442 903 630 989 Augustini.
1191 921 1270 966 sese
1292 901 1450 986 opposuit
1471 898 1520 965 illi
1542 902 1671 980 errori,
1704 903 1841 989 vaganti
1873 901 1946 966 iere
1979 923 2039 986 per
2072 914 2177 967 totam

246 991 329 1056 Post
353 991 528 1055 Arrianurn
563 989 708 1074 dogma,
738 984 958 1053 blahomctica
988 989 1141 1072 impietas
1191 986 1354 1064 Africam,
1376 987 1505 1066 Asiam,
1527 997 1560 1052 et
1584 985 1760 1073 Europam.
1805 987 1952 1137 ΒοΙὶἳιιῐῖ
1973 986 2098 1052 multos
2121 988 2178 1052 ad·

157 1077 291 1142 invecta
326 1089 379 1142 est
412 1078 446 1141 in
480 1075 638 1142 Africam.
689 1074 750 1140 Est
781 1086 892 1142 autem
919 1073 1143 1140 Mahornetica
1193 1072 1396 1152 olescentes,
1420 1071 1605 1157 discipulos
1628 1093 1728 1152 suos,
1762 1075 1818 1161 qni
1846 1096 1887 1138 va
1905 1087 2022 1139 uerunt
2041 1074 2176 1160 ingenio

158 1182 293 1249 quoque
316 1164 469 1229 doctrina
489 1162 591 1248 plane
615 1164 768 1227 barbara.
824 1161 961 1228 Liberat
989 1158 1141 1225 homines
1192 1172 1226 1226 et
1249 1162 1415 1237 doctrina,
1439 1170 1475 1224 ut
1499 1161 1583 1226 l’ros
1609 1180 1700 1225 erum
1727 1172 1761 1225 ct
1782 1159 1972 1226 Maximum.
2017 1160 2177 1245 Prospcri

158 1247 344 1315 criniculis
366 1247 618 1336 legisdirinaet
642 1247 759 1313 Patres
785 1250 908 1313 cubant
930 1249 1019 1333 apud
1043 1243 1142 1325 filios,
1193 1247 1320 1330 scripta
1343 1248 1431 1311 bona
1454 1258 1542 1313 sunt.
1585 1182 1681 1311 hene
1703 1247 1815 1312 docuit
1844 1249 1887 1312 de
1916 1249 2024 1333 gratia
2047 1259 2080 1311 et
2102 1264 2177 1330 pec·

158 1348 192 1401 ct
213 1333 270 1400 lilii
293 1337 381 1421 apud
404 1349 549 1402 matres:
578 1336 698 1401 deinde
731 1332 856 1401 habeut
878 1355 960 1400 suas
982 1334 1142 1420 expiatio·
1194 1343 1269 1399 cato
1292 1334 1439 1419 originis.
1485 1332 1591 1398 Recte
1624 1331 1791 1419 explicat,
1807 1354 1910 1419 ·quae
1943 1335 2010 1397 sint
2042 1331 2177 1418 impedi·

157 1442 219 1499 nes
244 1421 299 1488 rel
321 1420 583 1490 satisfactiones.
623 1422 840 1509 'Augustinus
861 1417 1020 1488 refutauit
1041 1421 1141 1487 etiam
1192 1431 1304 1484 menta
1326 1421 1489 1483 bonorum
1513 1439 1664 1503 operum:
1699 1421 1846 1485 ostendit
1877 1439 1940 1485 nos
1974 1441 2041 1484 non
2074 1438 2177 1505 posse

45 1533 52 1539 ·
157 1509 331 1577 Arrianus.
1192 1503 1333 1591 implere
1354 1502 1481 1593 legem3
1503 1502 1561 1569 illa
1582 1501 1653 1570 sere
1675 1504 1794 1571 melius
1816 1518 1896 1573 sunt
1914 1507 2039 1591 scripta
2059 1527 2078 1570 a
2098 1507 2176 1570 Pro·

1192 1614 1306 1676 spero,
1328 1612 1427 1677 quarn
1448 1593 1490 1656 ab
1515 1594 1588 1677 ipso
1611 1592 1814 1678 Augustino,
1844 1595 1890 1658 b'r
1911 1592 1988 1657 hats
2005 1590 2078 1673 seia
2099 1590 2178 1658 liciti

1188 1678 1351 1765 gemacht,
1375 1691 1407 1743 ct
1431 1677 1493 1743 snit
1514 1680 1655 1744 idoneus
1677 1679 1720 1742 ad
1744 1679 1940 1744 docendum.
1966 1748 1968 1752 ,
2130 1680 2135 1688 “

271 1802 274 1806 ·
1281 1765 1357 1829 Fuit
1379 1775 1469 1829 tanta
1492 1763 1896 1852 malitial’elagianorum,
1920 1777 1957 1830 ut
1979 1786 2055 1830 cam
2077 1783 2177 1850 urge·

358 1841 470 1944 Quid
500 1854 714 1926 senserunt
743 1841 935 1929 Arriani}
1192 1862 1285 1918 retur
1306 1851 1411 1916 dicto:
1434 1850 1559 1916 Gratia
1570 1853 1695 1917 solanti
1703 1854 1792 1931 estis,
1816 1853 2018 1937 interpretati
2041 1847 2177 1931 suerint,
2283 1926 2289 1934 ,

1192 1935 1382 2015 vocabulo,
1406 1936 1566 2015 Gratiae,
1599 1937 1781 2024 significari
1804 1950 1931 2003 tantum
1954 1938 2178 2017 traditionem,

244 2025 410 2090 Dixerunt
433 2025 519 2109 λόγον
540 2046 607 2091 non
630 2046 709 2091 esse
730 2024 849 2092 Deum.
893 2023 1039 2089 Furores
1068 2021 1143 2088 ilio·
1193 2036 1227 2090 et
1254 2021 1492 2090 revelationem
1526 2025 1719 2103 doctrinae,
1756 2045 1825 2090 non
1860 2022 2176 2097 reconciliationem,
2215 2055 2218 2061 ·

156 2132 231 2178 rum
254 2115 316 2176 orti
340 2124 454 2178 sunta
479 2114 722 2192 Samosatenn,
740 2112 888 2191 Ebionc,
916 2123 950 2177 et
972 2109 1142 2188 Cerintho,
1192 2129 1255 2176 scu
1288 2111 1552 2195 acceptationem
1585 2112 1786 2197 gratuitam,
1820 2132 1895 2176 cum
1930 2109 2053 2176 Paulus
2087 2107 2179 2175 clare

158 2200 215 2286 qni
237 2197 388 2264 similiter
409 2201 576 2278 dixerunt,
599 2198 768 2265 Christum
790 2209 916 2264 tantum
938 2217 1017 2262 esse
1040 2195 1143 2261 homi·
1173 2199 1299 2262 dicat:
1319 2216 1384 2281 per
1406 2195 1571 2262 Christum
1592 2217 1662 2262 csse
1680 2199 1843 2282 matiam:
1861 2199 1895 2261 id
1918 2209 1986 2273 est,
2009 2197 2178 2261 remissio·

158 2306 258 2363 nem,
293 2295 326 2350 et
358 2306 427 2351 non
461 2285 580 2351 Deum.
636 2286 703 2350 Sed
736 2284 802 2351 hoc
836 2284 897 2350 fuit
925 2285 1143 2349 discriminis:
1193 2304 1269 2349 nem
1290 2295 1524 2370 peccatorum,
1554 2283 1922 2350 etreconciliationem.
1968 2283 2011 2347 Et
2034 2282 2178 2347 loannes

158 2373 424 2440 Samosnteninni
448 2375 642 2459 pugnabant
663 2373 752 2454 loyor
772 2390 842 2436 non
863 2370 1055 2456 significare
1071 2389 1143 2454 peu
1193 2371 1312 2457 inquit:
1407 2398 1410 2402 ¹
1447 2389 1511 2454 pet·
1532 2369 1651 2436 Mosen
1673 2371 2179 2456 iiotneat;pr·atioper·1esum

158 2478 290 2538 sonoro,
315 2472 348 2524 et
370 2469 447 2523 note
469 2460 673 2534 nativitatem
698 2479 739 2522 err
762 2457 867 2523 illaria
890 2457 1018 2542 virgine
1040 2476 1143 2541 nega·
1194 2456 1358 2522 Christum
1375 2465 1474 2539 ,acto
1495 2465 1553 2521 est.
1588 2456 1729 2521 Gratia:
1751 2457 1785 2520 id
1808 2468 1872 2535 cst,
1895 2457 2047 2521 remissio
2059 2476 2179 2540 pecca·

158 2547 240 2612 bant
258 2547 452 2611 substitisse
475 2545 571 2628 λόγον.
616 2545 752 2610 Arriani
787 2555 1031 2610 concesserunt
1064 2562 1143 2607 csse
1194 2555 1302 2610 torum
1325 2554 1358 2607 et
1380 2541 1607 2608 reconciliatio
1631 2565 1706 2610 eum
1718 2543 1803 2608 Deo.
1837 2542 1879 2608 Et
1900 2544 2092 2622 veritas„id
2113 2550 2179 2621 cst,
2228 2567 2232 2574 ·

157 2631 372 2717 ἐφιστάμενον,
395 2634 493 2698 etiam
511 2644 690 2719 antequam
711 2642 909 2697 nasceretur
936 2650 978 2695 ex
1000 2631 1144 2716 virgine:
1194 2652 1276 2697 vcra
1298 2631 1420 2696 iustitia
1442 2638 1476 2696 et
1496 2630 1576 2711 vita,
1593 2650 1679 2718 quac
1701 2650 1768 2695 non
1791 2641 1870 2694 sunt
1892 2626 2179 2706 urrrbraetantum,
2228 2630 2236 2640 '

158 2720 222 2785 sed
244 2728 454 2806 negavemnt
476 2737 555 2784 csse
576 2719 874 2795 naturaDeum,et
893 2716 1144 2798 dixeruntiipcv
1194 2731 1231 2784 ut
1263 2713 1434 2803 politicum
1467 2736 1630 2805 regnum,
1665 2715 1722 2782 vel
1745 2716 1964 2799 Cercmoniae
1991 2716 2179 2783 lllosaicaa.

158 2824 238 2873 esse
261 2817 421 2872 creatum.
463 2805 538 2870 Nos
561 2817 681 2870 contra
702 2804 864 2872 habemus
880 2799 1143 2868 multatcstimo·
1194 2805 1288 2871 Haec
1311 2805 1420 2870 omnia
1443 2815 1642 2890 corumpunt
1658 2801 1841 2891 Pelagiani.

156 2892 225 2977 nia,
247 2893 308 2957 sed
330 2891 510 2978 praecipue
531 2895 673 2978 primurn
696 2913 769 2977 cap.
794 2890 945 2957 loannist
993 2889 1032 2955 ln
1051 2891 1144 2974 prin·
1280 2889 1532 2957 Donatistarum
1557 2890 1655 2956 ctiam
1675 2891 1740 2957 fuit
1759 2910 1883 2956 roaroa
1903 2887 2085 2970 malitia,et
2099 2900 2181 2953 con-

158 2977 248 3065 cipio
266 2987 341 3044 erm
362 2978 505 3057 cabaa,
528 2987 559 3045 et
579 2980 711 3046 uerbum
732 2987 808 3044 erat
828 2978 940 3043 Deus:
965 2985 997 3042 et
1016 2976 1145 3043 ombam
1194 2980 1350 3057 tumacia,
1372 2979 1553 3064 praecipue
1573 2978 1607 3042 in
1630 2975 1759 3044 Africa.
1803 2945 1847 3043 Fh
1868 2978 1953 3043 istae
1975 2988 2043 3042 tam
2066 2975 2181 3042 varias

77 3098 80 3103 ·
158 3085 242 3132 coro
259 3063 387 3148 jactam
409 3068 478 3144 est,
511 3075 544 3131 et
569 3068 708 3133 ruaudus
734 3063 850 3148 factm
882 3072 931 3130 est
961 3082 1025 3149 per
1050 3063 1142 3129 iliud·
1195 3077 1228 3132 et
1249 3076 1385 3131 atroces
1407 3065 1650 3150 disputationes
1677 3061 1812 3134 fucrant
1839 3067 2114 3152 praeparationes
2135 3063 2181 3129 ad

158 3152 334 3239 igiturest
355 3150 558 3237 ὁφιστᾰμενος
590 3164 624 3219 et
656 3156 879 3238 omnipotens.
923 3149 966 3216 Et
988 3149 1145 3216 Christus
1194 3151 1499 3219 liiahometismum:
1533 3152 1618 3216 sicut
1649 3152 1715 3217 iam
1742 3163 1821 3218 sunt
1842 3150 1966 3218 multae
1987 3152 2039 3217 dis
2063 3152 2181 3218 utntio·

159 3241 260 3307 dicit:
305 3239 488 3326 Atttcpuam
508 3240 681 3306 Abraham
701 3249 801 3306 nutas
823 3248 1066 3324 estepanum.
1089 3236 1144 3319 Et,
1194 3257 1279 3318 nes,
1312 3258 1398 3325 quas
1420 3238 1516 3304 Dens
1548 3237 1721 3304 ulciscitur
1752 3260 1813 3325 per
1834 3237 1975 3306 Turcas.
2005 3277 2009 3286 ·
2051 3240 2182 3305 omines

160 3324 265 3391 Pater
286 3347 374 3393 metis
394 3347 496 3412 usque
523 3328 618 3395 modo
650 3336 832 3411 operatur,
864 3334 896 3393 ct
923 3344 984 3411 epo
1011 3345 1031 3390 o
1055 3342 1143 3389 erar.
1194 3328 1340 3410 pertaesi
1362 3326 1643 3412 disputationum,
1676 3328 1806 3392 avidius
1828 3329 2039 3413 arripuerunt
2061 3324 2180 3391 blaho-

160 3409 221 3477 llla
242 3415 388 3499 cogitate
410 3415 443 3497 io
465 3413 681 3480 inuocatione
700 3425 825 3495 restra,
843 3344 1144 3497 eamqueahlaho·
1194 3412 1401 3488 metiamum3
1423 3409 1705 3498 quiaAlcoranus
1724 3412 1881 3498 permittit
1901 3435 2054 3500 magnam
2078 3410 2180 3478 liceo·

160 3499 280 3566 metioa
303 3500 513 3586 distinguitet
537 3500 695 3566 invocate
715 3498 825 3567 Deum
847 3509 997 3585 patrem,
1031 3500 1145 3583 quise
1196 3500 1285 3564 tiam.
1363 3498 1565 3564 Donatistae
1605 3510 1683 3564 sunt
1711 3498 1860 3583 periccte
1894 3497 2179 3567 stencktebtiant:

158 3582 319 3674 patefecit
340 3587 445 3650 misso
463 3584 548 3652 iiiior
581 3599 615 3652 et
648 3584 751 3651 lilium
782 3588 890 3670 ipsam
920 3605 994 3650 curn
1019 3583 1144 3667 Spiritu
1195 3583 1416 3651 Donatismus
1438 3583 1494 3650 vel
1517 3581 1877 3651 Stenckieldianismus
1899 3596 1953 3651 est
1979 3606 2100 3670 capere
2122 3608 2180 3652 oc-

160 3684 287 3738 sancto·
303 3669 505 3758 compellato
537 3673 571 3737 in
600 3685 713 3738 vestra
735 3673 939 3756 precatione.
983 3667 1075 3735 Talis
1096 3671 1144 3734 ln·
1186 3673 1366 3737 casionem
1390 3691 1622 3758 quamcunque
1645 3674 1821 3738 deserendi
1845 3673 2062 3738 ministerium
2073 3669 2180 3759 publi·

158 3758 295 3826 vocatio
319 3764 471 3824 seiuncta
493 3760 537 3823 ab
550 3758 693 3824 litbnica
715 3761 790 3825 sinc
811 3759 912 3824 dubio
935 3767 988 3821 est
1010 3754 1143 3823 efficax.
1197 3778 1282 3824 cum.
1333 3756 1434 3823 Wcrm
1456 3759 1617 3844 das'pifft
1637 3762 1672 3823 in
1694 3760 1748 3824 die
1768 3762 1851 3824 lenite
1872 3759 1992 3845 iompt,
2016 3771 2094 3826 tunc
2112 3756 2179 3825 late

160 3842 267 3910 Multa
285 3846 425 3930 requirit
449 3865 527 3910 vera
548 3845 737 3922 invocatio,
760 3844 818 3910 nbi
840 3864 878 3909 sc
900 3843 996 3908 Deus
1018 3842 1144 3928 patesce
1196 3856 1384 3933 gmssatnr,
1408 3845 1452 3909 Es
1470 3853 1513 3910 ist
1534 3846 1630 3911 icicbt
1651 3846 1882 3912 deralrmcircrn
1904 3867 1942 3911 zu
1963 3866 2075 3933 sapen,
2097 3845 2181 3912 nihil

159 3934 255 4010 cerit,
277 3952 382 4017 quare
404 3933 572 4009 exaudiat,
596 3943 629 3997 et
651 3932 819 4017 quomodo
841 3927 921 3996 velit
942 3931 1110 3995 exaudire.
1155 3953 1158 3959 ·
1196 3950 1275 3996 esse
1297 3951 1371 3995 cum
1395 3935 1707 4009 concionatoribus3
1737 3935 1984 4018 exspectandas
2014 3953 2092 3998 cssc
2119 3954 2179 4031 nug
2218 3958 2222 3965 ’

171 4046 196 4107 1·
246 4016 430 4083 Postrenris
453 4019 659 4102 temporibus
682 4017 815 4083 fuerunt
826 4017 1016 4105 Augustino
1041 4029 1144 4081 certa·
1194 4038 1256 4084 vas
1279 4013 1539 4083 illuminationes
1562 4018 1684 4085 alleot
1708 4018 1879 4084 illinistros
1891 4041 1958 4085 non
1971 4040 2073 4104 posse
2085 4022 2178 4100 dare,

158 4105 247 4193 mitro
264 4108 368 4169 ettam
381 4124 456 4170 cum
470 4103 664 4191 Pelagianis
687 4115 720 4168 et
736 4104 936 4169 Donatistis.
971 4102 1144 4190 Pelagiani
1196 4125 1283 4192 qnae
1305 4107 1367 4193 ipsi
1390 4125 1457 4170 non
1481 4106 1642 4183 habeant,
1666 4117 1698 4172 et
1720 4128 1788 4170 non
1812 4104 1924 4172 valere
1948 4127 2061 4172 eornm
2084 4108 2178 4172 mini·

158 4191 330 4269 dixerunt,
362 4202 533 4255 externam
567 4189 776 4274 disciplinam
810 4210 889 4256 esso
920 4190 1144 4276 impletionem
1195 4193 1344 4277 sterium,
1367 4194 1422 4277 qui
1445 4194 1509 4275 ipsi
1532 4213 1599 4257 rron
1622 4195 1688 4257 sint
1711 4195 1838 4270 sancti,
1867 4208 1903 4258 ut
1927 4191 2179 4260 Stencltl'cldlas

159 4276 257 4364 legis,
279 4288 313 4342 ct
333 4278 453 4342 mereri
476 4279 703 4343 remissionem
727 4290 965 4363 pcccatorum,
997 4287 1030 4342 et
1051 4277 1145 4342 iusti·
1195 4279 1288 4342 dicit:
1336 4277 1437 4342 Wcrm
1470 4281 1524 4344 dic
1555 4279 1769 4345 Lattcrucben
1800 4276 1931 4363 pfuffcu
1954 4278 2180 4367 Golllincbtip

158 4366 236 4428 tinnr
260 4383 373 4430 coram
396 4362 480 4429 Deo.
513 4363 588 4429 Fuit
610 4362 866 4430 Pharisaisnrus.
900 4363 975 4428 Non
998 4382 1144 4450 agnove·
1193 4384 1310 4443 cerm,
1333 4365 1485 4430 lacerent
1506 4363 1608 4431 inulta
1631 4366 1800 4431 miracula.
1846 4366 1894 4430 lta
1916 4368 2052 4433 abducit
2075 4366 2179 4433 nomn

158 4465 236 4515 runt
257 4452 355 4516 istam
376 4452 532 4515 miseram
555 4461 705 4514 naturam
728 4470 806 4515 csse
827 4469 971 4515 mersam
1004 4451 1038 4516 in
1064 4470 1142 4535 pec·
1194 4471 1255 4516 nes
1280 4473 1300 4516 a
1323 4452 1497 4536 Scriptura
1520 4464 1553 4517 et
1576 4455 1681 4518 rcrbo
1703 4455 1926 4539 praedicato,
1962 4475 2036 4519 cum
2067 4466 2178 4518 tamen

159 4550 281 4613 catum,
305 4547 338 4600 ct
355 4539 423 4602 reci
449 4538 458 4601 i
481 4548 618 4623 propter
641 4534 742 4600 filium
755 4535 830 4616 Dei,
850 4536 915 4601 lide
939 4538 1056 4625 gratis,
1073 4554 1141 4602 non
1194 4556 1314 4604 severe
1336 4541 1403 4603 sint
1426 4539 1626 4616 mandatum,
1648 4551 1684 4604 ut
1708 4542 1844 4606 verbnm
1868 4537 1931 4604 Dei
1955 4541 2139 4604 audiamus.
2165 4614 2168 4619 ¹

157 4635 296 4707 propter
318 4558 487 4687 carnalhm
505 4623 682 4701 iustitiam,
706 4643 804 4708 quarn
828 4620 968 4689 i'ccimus
990 4644 1077 4700 nos,
1105 4635 1143 4688 nt
1233 4643 1238 4657 ·
1280 4624 1396 4689 Seram
1413 4623 1497 4703 Dei,
1525 4627 1630 4712 inquit
1652 4623 1792 4698 Paulus,
1815 4628 1938 4692 habitet
1960 4628 1994 4689 io
2015 4627 2123 4693 cobis:
2144 4624 2179 4691 id

159 4710 239 4772 dicit
261 4706 398 4773 Paulus.
443 4706 614 4775 Relutavit
643 4729 704 4772 eos
729 4709 937 4795 Augustinus
968 4709 1081 4775 inultis
1103 4705 1142 4773 li·
1194 4724 1268 4789 est,
1296 4712 1339 4775 sit
1371 4707 1545 4777 fairriliaris
1582 4714 1789 4777 consuetudo
1824 4714 1921 4777 robis
1956 4734 2032 4777 cum
2060 4715 2177 4777 verbo.

160 4797 244 4861 bris:
268 4807 301 4859 ct
317 4795 477 4880 imprimis
501 4808 617 4861 contra
629 4792 788 4861 lulianum
810 4797 947 4880 scripsit
969 4797 1142 4881 copiosum
1194 4794 1278 4862 Cum
1301 4795 1422 4883 aliquis
1442 4798 1568 4869 habitat
1592 4812 1724 4879 tecum,
1757 4812 1807 4864 cst
1831 4801 1888 4865 tibi
1912 4801 2043 4876 notior,
2103 4816 2178 4867 uam

109 4898 121 4921 ⁸
158 4880 279 4946 librum
301 4892 452 4967 tempore
473 4883 656 4947 obsidionis
678 4883 771 4948 urbis
795 4881 980 4967 Hipponis,
1012 4885 1045 4947 in
1075 4902 1142 4967 qun
1195 4883 1334 4949 alienus.
1381 4883 1422 4947 lit
1443 4884 1591 4951 additur:
1615 4887 1753 4965 nbmtde,
1776 4906 1836 4950 scu
1860 4820 2178 4972 copiosarcichiicli

155 4966 220 5033 luit
241 4965 439 5055 Episcopus.
485 4969 552 5034 Sed
575 4980 725 5033 mortuus
747 4980 800 5034 est
821 4969 919 5034 tertio
941 4989 1057 5034 rucnse
1085 4970 1155 5034 ob·.
1193 4967 1363 5048 videlicet,
1384 4983 1421 5034 nt
1439 4984 1541 5055 saepe
1563 4970 1714 5058 legamus
1736 4985 1770 5039 et
1792 4975 1977 5049 nudinnms,
1990 4982 2024 5037 et
2046 4974 2179 5059 quideni

158 5054 321 5133 sidionis,
342 5067 376 5119 et
397 5052 533 5141 reliquit
552 5052 781 5139 irnperiectnm
803 5056 899 5122 istum
929 5051 1070 5134 librani,
1098 5056 1144 5120 ist
1165 5062 1169 5153 i
1194 5074 1263 5121 cam
1285 5058 1374 5122 omni
1392 5059 1575 5141 sequentia,
1598 5078 1665 5124 non
1688 5058 1731 5124 ad
1754 5058 2009 5136 cavillandum,
2034 5080 2101 5124 non
2134 5054 2179 5127 et

158 5145 210 5209 cia
228 5138 300 5223 fnit
320 5140 431 5222 Bacis,
458 5153 491 5208 et
518 5154 678 5209 accurate
698 5144 855 5228 scriptus.
899 5137 1007 5207 lilulta
1028 5142 1142 5228 dispu-
1165 5162 1170 5214 ῖ
1193 5145 1310 5210 inanes
1332 5144 1575 5230 disputationes
1601 5143 1655 5212 vel
1676 5146 1787 5225 rixas,
1808 5167 1876 5211 non
1897 5157 1935 5213 ut
1957 5158 2179 5233 excerpantur
2222 5146 2228 5165 '

311 5278 718 5328 ummruornasoum.
1916 5266 1950 5319 at
