4620 5588
137 165 207 257 nt
267 228 273 237 ,
773 162 893 251 rara
910 163 1015 235 aar.
1035 162 1227 249 scarum
1246 162 1509 239 mosoma
2051 116 2057 123 ’
2091 164 2164 247 ιιι

139 356 373 443 marterinis
394 352 649 435 sacrificiorum.
702 350 875 423 Dicebant
898 351 983 421 illos.
1010 353 1126 425 cuitus
1144 388 1152 481 Ι
1173 366 1284 431 torum
1306 356 1463 444 cegitatio
1487 356 1531 422 de
1552 354 1662 423 forma
1679 352 1878 436 secretu,
1901 353 2037 511 2:2¹⁸
2065 357 2158 423 vide·

137 442 258 515 mereri
280 440 513 511 remissionem
531 454 756 529 peccatorum,
784 453 816 507 et
837 442 889 508 sic
906 436 1127 521 venditabant
1172 455 1250 509 runt
1259 441 1413 529 Apostoli
1435 453 1601 530 vagantes
1624 444 1868 529 perorandum.
1994 443 2158 530 necapo-

136 526 280 685 toupulo,
298 531 504 616 praebebant
525 530 742 615 occasionem
765 524 833 593 illia
860 526 1124 615 amplificationi·
1171 527 1253 601 stoli
1278 531 1415 616 aalma
1439 528 1632 595 hahuerunt
1656 531 1749 614 prins
1771 527 1873 599 -ltaoo
1903 531 2158 617 cogitnionem:

212 659 223 695 ι

99 697 103 701 ,
256 628 296 683 ιιι
330 626 559 689 mactarentur
593 615 750 687 vict'auaa
783 614 887 687 multo
922 616 1123 683 crebriores.
1173 617 1285 682 adhuc
1306 618 1412 701 priuis
1445 636 1543 702 quam
1577 615 1736 681 Christus
1756 625 1952 700 cancrena,
1986 614 2158 683 habehant

137 698 213 769 lloc
237 716 309 769 crat
330 704 483 788 quaestui
504 700 767 791 Sacerdotibus,
780 700 870 769 siam
890 721 957 787 ego
979 702 1127 782 mentiti,
1173 701 1251 771 illari
1274 703 1453 779 ιιοιιιιιὶιιιιι,
1477 722 1517 767 se
1533 703 1566 767 in
1589 700 1648 767 illo
1671 699 1876 788 pulcerrimo
1889 701 2020 785 munla
2036 723 2158 791 regna·

138 800 174 857 et
195 788 261 853 diri
284 792 382 855 vohis
400 786 498 857 alias.
540 788 618 855 Fuit
637 784 693 855 hic
721 787 856 874 quidam
877 788 1044 867 ludaeos,
1073 784 1125 853 le·
1173 802 1267 856 turos
1300 808 1395 867 esse,
1431 792 1518 853 sicut
1545 801 1660 869 stant,
1702 791 1860 855 nair-antes
1892 788 2158 856 aedificationem

38 941 44 953 ,
135 887 191 943 tor
212 872 350 962 linguae
369 874 554 956 Hebraeae,
575 876 630 960 qui
653 885 724 939 erat
745 875 925 952 sacerdos,
953 877 1008 962 qul
1031 875 1121 940 dico·
1174 873 1297 961 templi,
1325 889 1359 940 et
1382 876 1539 961 incipiunt
1568 877 1610 941 dc
1639 895 1680 940 eo
1702 873 1792 961 loqui
1821 897 1896 941 curn
1913 874 2071 941 Domino.
2114 874 2159 941 Et

135 962 212 1028 bat:
232 963 308 1048 quid
332 963 387 1026 hic
409 963 530 1048 agauri
564 959 675 1026 habeo
701 961 763 1024 100
785 979 928 1040 aurcos,
957 982 1022 1047 ega
1045 981 1121 1044 pos
1173 975 1251 1048 post
1273 964 1566 1040 resurrectionem,
1590 981 1665 1027 cunr
1686 964 1850 1027 vidissent
1869 963 1945 1029 eius
1965 964 2157 1046 pusiones!

136 1068 211 1115 snm
234 1045 310 1133 plus
333 1045 458 1134 habere
478 1050 511 1113 in
534 1049 605 1114 otio
625 1046 851 1131 Ratisbonae,
880 1065 914 1115 er
936 1044 1034 1112 siunai
1056 1044 1120 1113 frui
1173 1064 1206 1115 et
1216 1050 1518 1128 restaurationem,
1541 1050 1791 1115 tarncn'habent
1809 1049 1972 1115 samniam
1992 1049 2035 1115 de
2052 1069 2158 1134 regno

136 1136 282 1221 gratuito
306 1136 394 1200 victu
423 1134 512 1218 apud
541 1152 633 1199 meos
656 1130 850 1218 populares.
906 1128 1006 1199 lianc
1029 1154 1121 1199 exer·
1172 1136 1352 1201 mundano.
1415 1134 1538 1199 Postea
1567 1137 1769 1220 vagantibus
1799 1133 1993 1221 apostolis,
2024 1132 2158 1200 suerunt

137 1222 235 1288 cendi
258 1222 413 1307 corporis
434 1240 568 1301 (masa,
586 1220 677 1289 vado
697 1223 733 1289 ‘ut
747 1217 923 1304 templana
944 1221 989 1287 ibi
1012 1220 1121 1286 ‹bam-
1173 1219 1479 1308 Pseudoapostoli,
1502 1223 1557 1308 qni
1571 1224 1755 1286 retinebant
1764 1220 1852 1287 hane
1870 1222 2159 1309 imaginationem

135 1302 216 1375 holo
233 1327 334 1375 auam
355 1322 457 1394 atque
477 1304 617 1375 alteram
639 1307 777 1382 horam3
805 1306 943 1385 vestiunt
963 1303 1120 1373 mulicres
1144 1322 1149 1342 ·
1173 1307 1332 1375 volebant
1360 1310 1550 1373 instaurare
1582 1310 1665 1372 ritus
1700 1307 1896 1373 ludaeorum
1917 1309 2004 1373 inter
2025 1319 2156 1394 gentes.

136 1389 291 1473 amalae,
319 1393 423 1473 duae,
458 1405 548 1474 tres,
578 1404 733 1480 quattuor,
764 1390 920 1478 singulm
940 1393 1022 1458 daut
1042 1392 1121 1459 inihi
1259 1395 1401 1474 Videtis,
1434 1417 1532 1480 quarn
1566 1392 1657 1459 multi
1680 1394 1832 1462 hominos
1858 1396 1960 1461 etiam
1978 1414 2068 1460 nunc
2090 1394 2157 1460 sint

135 1489 193 1547 eta
212 1483 339 1556 dotata,
369 1492 404 1545 ut
431 1493 580 1558 vocant·,
604 1492 725 1565 pastea
747 1476 827 1566 lego
854 1499 952 1544 uuam
982 1480 1127 1547 Missam
1173 1478 1327 1547 fascinari
1351 1482 1414 1547 hac
1438 1480 1630 1557 olrarrtasia:
1659 1480 1801 1565 Oportet
1823 1481 1938 1546 venire
1955 1493 2092 1561 statum,
2121 1481 2157 1546 iu

102 1609 106 1616 -
134 1569 299 1632 omnibus.
347 1563 440 1632 lllam
463 1568 635 1652 pecuniam
658 1566 801 1650 accipio,
822 1562 1121 1632 mentiebantur
1173 1588 1239 1657 quo
1273 1588 1336 1632 nos
1359 1566 1540 1632 lutherani
1575 1568 1793 1645 dominemur,
1825 1565 1944 1633 deletis
1967 1566 2177 1653 pontificiis,

134 1672 274 1738 possunt
298 1655 398 1741 igitur
420 1652 546 1718 habere
568 1651 673 1719 multo
695 1651 772 1737 plus
794 1654 826 1716 in
842 1653 924 1732 otio,
945 1673 1042 1738 quam
1065 1651 1121 1718 hic
1173 1654 1242 1720 seo
1264 1675 1332 1720 non
1354 1652 1411 1719 illa
1434 1659 1485 1718 sic
1509 1653 1601 1719 fiunt.
1646 1652 1819 1739 Cogitate,
1848 1650 1947 1739 quale
1974 1651 2074 1718 luerit
2095 1655 2156 1718 do-

138 1760 182 1805 ex
203 1759 327 1826 magno
349 1741 414 1804 isto
438 1737 556 1806 labore
574 1737 707 1825 legendi
736 1740 769 1803 in
798 1735 929 1805 schola.
972 1739 1025 1805 lta
1044 1738 1121 1803 hinc
1172 1743 1304 1807 minium
1338 1740 1553 1817 ludaeorum,
1588 1742 1722 1826 quando
1756 1737 1804 1805 illi
1837 1737 2095 1805 includebantur
2121 1741 2157 1804 iu

138 1825 314 1904 discessit,
349 1827 412 1890 sed
442 1822 637 1900 infelicitem
677 1827 754 1913 quia
782 1821 839 1889 illo
872 1826 947 1909 ipso
971 1836 1121 1909 tempore
1172 1826 1342 1893 fornacem
1375 1847 1570 1892 accensam:
1605 1839 1639 1892 et
1668 1840 1747 1893 tunc
1781 1839 1890 1891 tamen
1924 1838 1996 1891 erat
2023 1844 2157 1891 summa

139 1911 252 1976 ludaei
318 1909 485 1977 llebantur
507 1933 547 1977 aa
572 1911 776 1979 Ratisbouaa
797 1909 908 1977 adhuc
933 1920 1043 1977 tamen
1065 1909 1121 1975 ille
1173 1911 1281 1999 gloria
1321 1912 1507 1979 Ecclesiae.
1571 1912 1667 1978 Deus
1706 1914 1798 1979 dedit
1836 1913 2081 1992 testimoniam,
2115 1932 2157 1977 se

137 1999 236 2076 vivit,
317 2000 375 2063 bet
409 2002 535 2067 rictum
565 1999 597 2063 in
633 1996 712 2067 aula
742 1997 988 2083 llerbipoleosi.
1045 1999 1121 2065 Fuit
1172 2003 1295 2067 adesse
1311 1998 1367 2065 isti
1390 1998 1531 2087 populo,
1566 2014 1682 2066 secuta
1710 2013 1764 2066 est
1786 2012 1864 2085 post
1886 1996 1974 2064 illam
1996 2018 2156 2085 persecu·

136 2081 237 2171 plane
269 2084 381 2151 similo
411 2089 498 2171 apud
533 2084 696 2163 ludaeoa3
737 2086 824 2150 sicut
858 2081 913 2149 ille
955 2085 1121 2151 vendebat
1172 2088 1312 2165 tionem,
1345 2089 1466 2174 ingens
1500 2084 1624 2172 gloria:
1658 2098 1767 2152 tamen
1801 2106 1869 2152 non
1891 2083 1989 2165 talis,
2021 2084 2157 2173 qualem

137 2190 240 2237 rutam
260 2166 400 2236 Missam
421 2169 551 2237 moltis:
572 2173 625 2236 sic
645 2172 767 2237 luriaici
797 2171 997 2238 sacerdotes
1017 2192 1120 2237 anam
1172 2176 1238 2261 ipsi
1258 2176 1536 2261 imaginabantur.

136 2258 258 2323 hovem
281 2255 336 2334 rel
364 2257 502 2324 vitulum
533 2279 637 2344 saepe
669 2260 896 2343 romanatum,
928 2258 1120 2323 mactabant
1259 2259 1308 2327 lta
1341 2273 1473 2345 oportet
1507 2277 1570 2324 vas
1607 2259 1845 2337 considerare,
1875 2255 1997 2344 quales
2033 2253 2162 2325 suerint

136 2364 199 2430 pro
229 2340 356 2407 multis.
409 2345 444 2409 Si
478 2356 573 2411 erant
607 2359 750 2430 qrmtuor
780 2357 838 2410 aut
871 2345 1030 2430 quinque,
1062 2345 1121 2430 qai
1172 2345 1366 2425 Pharisaei,
1397 2344 1506 2432 qualis
1534 2343 1634 2410 luerit
1667 2347 1815 2429 ipsoram
1849 2346 2010 2410 doctrina.
2056 2343 2158 2432 Cogi·

137 2427 297 2496 volebant
329 2432 467 2495 auctam
490 2432 678 2511 victimam,
707 2428 937 2516 unusquilibet
961 2427 1119 2497 solvebat
1172 2444 1241 2500 tate
1263 2433 1428 2500 homiuem
1452 2434 1650 2519 papisticam
1678 2430 1875 2497 fascinatum
1903 2433 1973 2496 suia
1997 2430 2161 2517 opinioni-

138 2516 306 2581 dimidium
339 2515 522 2596 thaleram,
560 2531 618 2582 aut
652 2518 806 2596 circiter,
831 2513 987 2582 videlicet
1019 2528 1120 2582 tetra·
1173 2521 1256 2585 busa
1292 2518 1379 2585 tales
1412 2519 1546 2585 suerunt
1571 2518 1759 2594 Pharisaei3
1792 2516 1904 2604 qualis
1931 2529 1985 2583 cst
2007 2519 2157 2603 sapiens,
2261 2590 2265 2597 ἢ

137 2603 342 2681 drachmum,
377 2606 465 2669 sicut
485 2607 575 2689 apud
600 2625 664 2669 nos
692 2604 917 2670 mediocribus
938 2604 1038 2669 annis
1057 2601 1120 2669 suit
1172 2620 1206 2672 et
1227 2628 1293 2672 non
1316 2604 1509 2691 prophanus
1542 2607 1693 2692 papista:
1727 2619 1850 2690 postea
1870 2603 2058 2671 Sadducaei
2085 2602 2157 2670 fue·

136 2686 205 2755 tole
227 2690 384 2772 pretium3
419 2691 483 2755 iam
517 2692 660 2776 pretium
693 2691 842 2756 carnium
875 2691 1013 2769 crescit,
1042 2691 1121 2776 quia
1173 2706 1251 2761 rant
1272 2693 1461 2779 Epicuraei.

135 2770 214 2862 plus
236 2778 424 2843 absumitur
445 2778 605 2856 carnium,
627 2798 728 2862 quam
747 2787 862 2842 aritea.
894 2773 945 2840 llli
968 2774 1120 2844 homiues

136 2871 217 2929 aaut
248 2860 387 2928 multum
420 2865 473 2928 usi
505 2865 608 2931 rebus
636 2876 726 2930 terra
754 2864 852 2928 natis.
915 2861 1010 2928 Tunc
1048 2861 1121 2928 iere
2209 2921 2214 2930 .

135 2949 355 3049 mundabant
389 2969 530 3026 carnea,
568 2953 702 3036 quando
736 2950 921 3015 caedebant
954 2950 1118 3016 victimas·
1246 2938 1329 3043 Qui
1358 2952 1454 3025 suni
1482 2939 1606 3023 hodie
1636 2938 1785 3024 similes
1815 2935 2089 3025 Sadducaeis‘l

136 3032 232 3099 llaec
254 3035 356 3119 agitur
377 3031 437 3099 suit
459 3037 612 3102 doctrina
631 3035 911 3114 Pharisaeorum,
942 3039 1032 3121 quod
1061 3036 1121 3100 ho·

137 3121 245 3185 mines
268 3133 385 3186 essent
406 3123 483 3186 insti
505 3119 598 3206 lege,
626 3124 716 3207 quod
739 3123 891 3188 homiues
913 3134 1121 3187 mererentur
1259 3120 1423 3190 canonici
1444 3134 1478 3188 et
1499 3124 1670 3203 crirtisani,
1717 3124 1748 3188 ui
1767 3133 1846 3189 aunt
1866 3119 2015 3207 perfecte
2035 3119 2158 3206 Epicu·

136 3208 370 3273 remissionem
400 3221 612 3292 peccatorum
645 3206 801 3274 ciuilibus
829 3208 986 3294 operibus
1020 3207 1054 3273 le
1080 3210 1120 3288 is,
1172 3212 1243 3278 rael
1266 3222 1301 3275 et
1321 3208 1428 3291 rideas,
1463 3223 1589 3276 tantam
1611 3144 1769 3276 sonulam
1798 3228 1918 3273 nornen
1952 3219 1989 3273 et
2006 3210 2161 3275 umbrant

127 3291 328 3372 sacrificiis,
355 3295 561 3361 victimarum
583 3296 802 3372 mactatione,
830 3315 971 3380 prorsas
1000 3308 1037 3363 ut
1055 3232 1121 3360 Pas
1172 3296 1359 3384 religionis,
1381 3300 1433 3362 sui
1456 3300 1581 3363 vannis
1605 3318 1738 3362 caussa.
1784 3293 1910 3360 Dicere
1937 3297 2068 3362 animas
2087 3313 2163 3359 nott

139 3381 248 3465 [istae
269 3380 394 3445 docent
426 3383 468 3445 dc
490 3380 613 3449 atissa
645 3379 713 3459 vel,
746 3383 835 3446 sicut
855 3380 987 3448 Ethaici
1010 3383 1126 3449 dicunt
1174 3405 1253 3451 esse
1285 3381 1510 3463 imurortalas,
1544 3404 1611 3448 non
1646 3403 1723 3448 essa
1757 3383 2056 3460 resurrectionem,
2087 3398 2162 3447 nott

138 3467 181 3532 de
208 3467 279 3532 suis
307 3465 500 3547 sacrificiis,
533 3481 571 3534 ιιι
596 3469 684 3553 apud
708 3466 888 3534 llnrrierum
920 3471 1029 3553 primo
1049 3466 1124 3533 llia·
1173 3481 1303 3538 restare
1320 3472 1490 3550 iudicium,
1517 3472 1594 3556 quid
1618 3482 1680 3552 est,
1703 3471 1767 3533 nisi
1795 3467 1942 3552 profiteri
1964 3467 2159 3551 Fmieffaie-

137 3556 201 3618 das
224 3553 414 3620 decernitur
433 3553 643 3621 llecatomha
656 3551 821 3642 Apollini:
845 3566 883 3619 ιιι
902 3558 946 3619 sit
967 3552 1122 3640 placatus
1174 3558 1285 3624 manti
1319 3578 1396 3623 earu
1430 3556 1516 3622 haec
1543 3558 1611 3622 vita
1644 3559 1688 3620 sit
1712 3575 1875 3640 oppressa
1897 3551 2162 3632 calamitatibus,

138 3639 294 3718 (iraccis,
326 3653 358 3705 et
394 3643 575 3726 propitius,
604 3645 675 3709 aad
692 3645 770 3710 ioht
794 3645 848 3710 iltr
863 3645 923 3709 dea
943 3645 1042 3725 iiluna
1063 3648 1126 3708 oiri
1173 3665 1242 3710 oen
1265 3640 1492 3729 potest-dici,
1524 3645 1613 3724 qnod
1648 3641 1803 3708 Ecclesia
1824 3642 1868 3704 sit
1900 3651 2024 3705 tautum
2058 3640 2163 3706 halare
2191 3694 2196 3699 .

137 3728 172 3793 ia
193 3729 350 3795 omnihus
368 3725 530 3793 historiis·
1175 3733 1270 3797 vitae
1286 3751 1425 3795 caussa:
1448 3727 1524 3815 quia
1547 3733 1597 3794 sic
1620 3726 1712 3792 nihili
1734 3729 1912 3793 interesset
1934 3729 2020 3791 inter
2038 3723 2164 3791 Enete

1174 3819 1258 3882 siam
1291 3829 1328 3883 et
1358 3816 1444 3882 aliae
1482 3817 1649 3881 homines:
1682 3816 1746 3879 imo
1781 3812 1971 3885 rectoriam
2004 3814 2163 3878 viderim

1064 3962 1070 3967 .
1174 3923 1253 3969 esse
1275 3905 1479 3969 nnsoriorcm
1502 3904 1647 3967 caeteris
1667 3899 1870 3966 horninibus:
1903 3921 1985 3985 ergo
2014 3916 2162 3966 necesse

140 3970 363 4077 Quomodo
395 3974 677 4085 intelligebant
707 3968 914 4061 Pharisaei
951 3974 1124 4089 promis-
1173 4000 1228 4057 esa
1250 4001 1379 4094 restare
1411 3986 1645 4093 altaserram.
1700 3987 1764 4135 ιιιῖ
1796 3992 1895 4086 arrasa
1928 3987 2058 4093 aeteus
2089 3983 2162 4089 aaa

414 4130 548 4214 dones
578 4131 632 4215 de
662 4128 845 4219 Massici
1175 4077 1417 4229 citnbilldiilbiit
1445 4077 1555 4239 ssahi,n
1572 4073 1747 4242 diphili
1764 4074 2163 4247 opibidisiiriewdhlhdi

964 4306 966 4311 .
1174 4185 1367 4333 hoicoraeir
1390 4250 1555 4334 cogitetis,
1579 4258 1704 4332 quatita
1725 4247 1768 4310 sit
1786 4248 1920 4311 miseria
1939 4248 2077 4331 generis
2095 4243 2158 4311 ltu·

226 4327 405 4397 Habebam
426 4329 515 4396 hanc
537 4331 818 4416 imaginationem,
847 4342 1023 4399 venturum
1045 4348 1124 4396 esse
1174 4336 1281 4399 mani:
1313 4355 1377 4400 nec
1404 4336 1564 4399 miremini
1597 4336 1722 4396 nostris
1753 4336 1957 4416 temporibus
1985 4351 2064 4396 esse
2085 4342 2158 4395 taur

143 4415 311 4493 blaseium,
342 4429 375 4483 et
398 4419 530 4482 domitis
559 4420 713 4483 onruibus
741 4420 898 4504 gentibus
930 4420 965 4484 ia
998 4416 1123 4502 portula
1175 4433 1245 4486 tunt
1267 4418 1487 4498 conlusiouis,
1510 4432 1543 4484 et
1563 4441 1606 4485 eo
1628 4419 1954 4504 sitistigilaruiores,
1982 4434 2015 4482 et
2037 4417 2156 4483 arden·

139 4501 245 4569 lsrael
278 4505 537 4569 comitaturum
568 4525 647 4571 esso
678 4502 856 4588 pulchram
883 4504 1124 4580 Monarchiani,
1176 4508 1279 4572 tiores
1301 4508 1336 4573 in
1358 4509 1540 4591 precatorio,
1564 4521 1600 4571 ut
1621 4505 1718 4571 Deos
1739 4519 1876 4571 nostras
1900 4517 2027 4569 mentes
2050 4512 2164 4589 reget,

137 4590 172 4655 in
207 4611 273 4677 qua
306 4595 505 4657 coniunctas
540 4603 631 4656 esset
665 4593 757 4655 orbis
793 4602 955 4658 terrarum
988 4593 1022 4656 in
1058 4613 1126 4657 ona
1175 4607 1209 4658 et
1231 4592 1347 4658 flectat
1373 4596 1415 4657 ad
1447 4597 1631 4670 raritatem,
1663 4606 1695 4656 et
1718 4606 1895 4657 corraei-vet
1924 4614 1987 4654 nos
2020 4593 2053 4655 in
2075 4609 2164 4653 vara

77 4694 80 4699 ·
138 4672 249 4742 forma
269 4675 452 4763 religionis,
476 4677 644 4756 videlicet,
679 4677 711 4740 in
734 4675 881 4743 cultibus
902 4678 1062 4757 ludaicis,
1092 4690 1124 4741 ct
1174 4677 1269 4745 luce:
1287 4700 1354 4744 non
1377 4681 1463 4745 sinat
1485 4702 1548 4745 nos
1576 4681 1692 4745 seduci
1716 4678 1769 4744 rel
1792 4677 1941 4743 abstrahi
1964 4699 1984 4741 a
2006 4678 2164 4753 veritate,

138 4765 279 4850 quadiu
299 4764 357 4829 illa
373 4761 560 4848 llepahlica
577 4763 777 4848 pulcerrima
795 4765 1124 4831 dominaturiessent
1175 4766 1318 4837 illustret
1340 4779 1468 4831 utentes
1492 4784 1639 4844 nostras,
1661 4779 1692 4830 et
1706 4767 1879 4830 coruinum
1903 4779 2020 4828 nostra
2036 4763 2161 4826 cortica

139 4850 261 4916 ludaei.
307 4852 340 4914 ld
365 4853 530 4915 sonariam
553 4851 664 4915 adhuc
695 4852 858 4915 retinenti
885 4866 919 4917 et
941 4864 976 4917 ιιι
999 4851 1122 4938 aliquid
1175 4855 1262 4919 sicot
1283 4853 1393 4917 David
1416 4868 1586 4937 precatur:
1616 4857 1681 4918 Foc
1698 4875 1767 4918 ciria
1789 4875 1885 4918 sorno
1906 4862 1961 4917 too
1981 4851 2164 4915 aeraordtrrt

135 4939 247 5022 magui
281 4939 392 5002 dicant
425 4938 467 5001 tle
500 4937 642 5003 Massiua
681 4938 814 5017 ‹ttm·n‚
856 4953 1034 5023 postquam
1068 4937 1124 5003 ille
1175 4943 1429 5008 raberrmrdram
1450 4950 1547 5007 tanta.
1592 4941 2043 5006 natantianatantia.

140 5025 277 5102 uenerit,
299 5047 399 5088 aarum
431 5025 586 5091 rubeam
620 5026 787 5089 victarum
819 5046 895 5090 esse
918 5027 987 5091 tota
1005 5045 1125 5091 annos,
1263 5027 1420 5113 idagnum
1453 5039 1508 5092 est.
1537 5026 1615 5104 hoo,
1650 5038 1762 5091 taurus
1793 5026 1899 5092 luisse
1933 5024 2096 5087 raaebras-
2122 5020 2164 5087 in.

138 5107 231 5175 't'alia
252 5108 387 5177 somnia
404 5111 589 5198 tingitana.
634 5110 713 5177 Noa
732 5113 872 5181 subibat
888 5117 1020 5182 aainros
1043 5110 1126 5179 arul-
1176 5109 1315 5201 papala,
1341 5116 1376 5178 iu
1397 5135 1467 5199 qao
1486 5126 1595 5179 tornea
1618 5110 1679 5181 luit
1703 5116 1792 5181 bona
1813 5110 2009 5197 disciplina,
2040 5105 2164 5177 etlait
