4620 5588
145 178 216 249 em
726 122 732 130 ’
783 173 896 244 run,
917 175 1026 246 amn.
1053 174 1245 248 semem
1265 175 1534 246 meamea
1879 214 1881 218 .
2101 180 2170 249 tu

147 365 390 456 opitulatorem.
445 366 538 433 llaec
571 379 624 432 est
654 368 807 433 doctrina
840 369 981 434 inarime
1015 387 1132 435 necea·
1184 365 1243 432 iob
1264 367 1326 433 ait:
1347 371 1487 436 muniet
1504 371 1630 436 occidat
1649 387 1710 451 me,
1731 370 1863 435 cterobo
1879 371 1915 435 in
1936 388 2025 436 mon:
2046 371 2080 435 id
2102 381 2168 451 est,

146 457 251 533 soria,
273 474 372 540 quam
394 464 528 538 oportet
547 453 683 520 infixam
705 473 782 519 esse
803 456 977 521 mentibus.
1062 471 1069 474 ·
1184 453 1420 520 estidiiiertur
1442 453 1614 535 liberatio,
1648 457 1715 520 etsi
1735 456 1800 520 lam
1823 457 1874 521 sio
1901 459 2024 521 moriar
2045 460 2080 520 in
2101 458 2169 522 hac

235 541 332 607 Hanc
373 537 635 607 consolationem
669 540 800 606 Ethnioi
832 563 899 608 non
931 540 1131 620 habuerant,
1184 536 1373 607 calamitate
1395 553 1428 608 et
1450 543 1594 619 miseria,
1612 551 1722 607 tamen
1745 562 1812 607 non
1836 541 1999 621 deficiam,
2019 564 2087 608 non
2111 544 2168 608 de·

147 629 205 717 qai
227 640 337 694 tamen
359 627 530 692 sciverunt
552 648 708 713 magnum
737 627 914 692 discrimen
943 646 1021 693 esse
1043 627 1131 692 inter
1183 628 1345 710 sperabo,
1378 648 1444 692 non
1466 628 1622 712 incipiam
1644 625 1858 707 stomachari,
1892 640 1925 694 et
1947 624 2089 694 fremere
2110 630 2168 694 ad·

146 712 253 793 mala,
290 714 323 778 in
362 714 483 798 quibus
523 711 687 778 habemus
719 714 841 778 bonam
875 715 1130 779 conscientiam:
1184 731 1304 777 versus
1324 711 1452 779 Deum=
1494 717 1711 780 Verumtamen
1733 735 1844 781 corum
1875 735 1914 782 eo
1940 734 2078 797 erptiam
2099 718 2170 783 ciat

145 803 204 871 Aa
225 804 269 866 ria
301 807 405 865 einem
432 810 533 881 pnten
562 806 660 866 ilonn
679 803 764 866 botta
790 804 859 866 unci
873 804 948 882 deff
964 803 1132 882 abirendt,
1183 818 1289 879 meos,
1323 810 1356 865 ct
1384 801 1459 885 ipse
1490 808 1556 867 erit
1575 803 1726 866 Solonion
1749 822 1846 866 mern.
1896 805 1980 867 Nam
1997 805 2170 885 hypocrita

146 889 251 955 daran
273 907 312 951 er
332 889 420 952 nicht
441 890 560 952 uranon
578 889 681 968 peden
698 892 773 953 tat:
796 898 829 950 et
849 889 935 951 inter
957 882 1131 964 illamam,
1183 905 1248 951 non
1269 889 1407 953 monebit
1428 907 1537 953 eoram
1565 906 1614 953 en.
1669 890 1718 953 Er
1745 895 1826 953 setat
1857 889 1927 954 oier
1957 892 2053 954 tinch
2085 891 2169 954 naen

146 976 193 1042 dn
214 979 308 1040 einer
318 973 466 1038 sauciam
479 975 716 1038 conscientiam
732 972 799 1052 irat,
822 975 878 1038 nbi
895 973 960 1037 scit
976 974 1132 1038 accidere
1184 975 1353 1038 einander.
1398 972 1542 1038 Primum
1564 983 1633 1039 esta
1664 976 1734 1040 Volo
1744 975 1890 1041 retinere
1899 994 1991 1058 rpem
2012 978 2170 1055 attidem,

147 1078 211 1127 sua
234 1057 333 1142 culpa
355 1056 413 1124 ilia
433 1057 532 1138 mala,
566 1070 600 1123 et
622 1079 660 1124 se
681 1060 907 1145 promeruisse
935 1057 1026 1124 illam
1053 1079 1132 1144 poe·
1183 1075 1248 1123 non
1270 1063 1338 1125 noio
1357 1064 1477 1144 fronpt
1500 1079 1614 1126 onorat
1643 1058 1743 1140 item,
1767 1068 1830 1126 etsi
1848 1063 2035 1142 beneficium
2056 1081 2169 1145 corpo-

147 1165 237 1214 nam.
283 1143 334 1210 De
352 1142 417 1209 illis
441 1147 527 1211 bene
549 1145 672 1211 dictum
695 1156 762 1211 est:
1183 1148 1255 1211 rate
1276 1165 1341 1211 non
1359 1166 1527 1230 assequar,
1548 1155 1658 1213 tomen
1679 1147 1849 1229 mrduoie
1870 1155 1959 1214 certo
1985 1168 2057 1214 mm
2078 1167 2169 1216 aare·

236 1235 297 1299 Eat
316 1232 439 1314 alimtid
460 1234 588 1314 mannii
608 1234 730 1299 crimm
752 1234 865 1298 obesse
879 1231 992 1299 ntab‘s:
1012 1231 1045 1296 id
1068 1241 1132 1311 est,
1182 1240 1324 1298 cutum

147 1314 233 1385 lenit
253 1316 405 1383 dolorem
429 1319 516 1383 bona
535 1319 752 1385 conscientia.
799 1316 855 1383 De
877 1315 929 1383 bis
952 1338 1033 1384 vero
1055 1338 1131 1384 sen·
1270 1316 1309 1381 ll.
1329 1316 1525 1384 Adversarii
1546 1318 1605 1382 iob
1628 1319 1831 1384 obiiciebant
1848 1320 1892 1398 ei,
1925 1319 2093 1384 dicentes:
2114 1317 2167 1384 'l'u

20 1422 23 1426 “
147 1404 246 1471 timus
269 1426 386 1470 omnes
402 1423 479 1469 esse
494 1404 642 1471 sauciam
656 1405 903 1484 conscientiam,
925 1401 1000 1469 sola
1021 1416 1131 1470 autern
1182 1404 1332 1468 mernisti
1361 1404 1451 1469 banc
1483 1424 1642 1489 poenam,
1676 1406 1732 1471 dir
1756 1408 1921 1486 retenirit
1953 1409 2033 1472 eden
2065 1408 2167 1486 rectit,

146 1487 302 1558 Ecclesia
335 1491 400 1556 scit
421 1488 530 1556 Deum
558 1488 646 1557 velle
678 1492 804 1557 mederi
836 1492 989 1575 utrisque
1021 1487 1131 1570 malis,
1181 1488 1341 1576 plecteris
1374 1490 1461 1556 inste
1493 1511 1514 1556 a
1546 1488 1632 1556 Deo.
1686 1489 1755 1557 Res
1781 1492 1882 1558 ondct
1915 1489 1986 1558 ille:
2024 1490 2096 1556 Vos
2113 1511 2168 1556 me

147 1579 209 1644 sed
243 1577 423 1662 requiritur
455 1579 648 1656 conversio,
680 1577 806 1656 idest,
840 1586 878 1643 ut
906 1596 1130 1664 agnoscamus
1183 1595 1251 1640 non
1278 1576 1420 1660 potestis
1450 1598 1609 1664 argueret
1641 1578 1719 1663 quia
1751 1513 1798 1642 lit
1831 1579 1950 1644 doctor
1978 1597 2081 1644 verae
2109 1578 2168 1642 do·

99 1687 109 1698 ·
147 1676 334 1751 peccatum,
358 1660 590 1751 confugiamus
613 1664 657 1729 ad
673 1659 791 1730 Filium
813 1661 879 1730 Dei
886 1709 897 1743 ,
925 1676 958 1730 et
979 1677 1131 1749 petamus
1185 1662 1332 1742 ctrinae,
1365 1664 1486 1728 etvini
1516 1665 1590 1729 sine
1611 1659 1758 1742 scelere3
1791 1665 1852 1729 sed
1885 1685 1998 1730 coram
2021 1661 2167 1730 Domino

147 1747 316 1816 auxilium.
1183 1768 1324 1834 arguam
1345 1748 1419 1814 vias
1441 1770 1550 1830 meas,
1582 1751 1617 1815 id
1639 1762 1709 1828 est,
1742 1771 1857 1818 coram
1878 1749 1955 1817 Deo
1982 1747 2093 1817 l'ateor
2113 1768 2167 1817 mc

142 1901 146 1906 .
234 1833 397 1920 Exempla
418 1832 521 1901 multa
539 1846 626 1902 sunt.
660 1832 770 1902 David
783 1836 934 1920 praebuit
950 1836 1133 1902 nonmino·
1183 1834 1270 1900 iuste
1292 1835 1411 1918 puniri.
1803 1837 1807 1841 ’

152 1942 224 1988 rem
248 1923 461 1988 occasionem
490 1923 605 1988 ruinae
627 1924 734 2009 regni,
757 1943 855 2009 quam
874 1919 967 1988 Saul.
1012 1920 1134 1988 Scelus
1270 1919 1324 1985 lli.
1349 1920 1426 2006 ipse
1447 1923 1507 1986 erit
1520 1919 1678 1988 Salvator
1699 1942 1808 1988 meus:
1826 1922 1901 2009 Ego
1924 1924 1997 1988 scio
2015 1942 2068 1988 me
2089 1938 2168 1987 esse

149 2009 223 2074 eius
246 2029 314 2074 non
336 2007 398 2074 luit
420 2008 590 2095 exiguum:
614 2012 746 2076 &nota
766 2029 804 2075 so
826 2011 910 2075 nott
925 2012 1134 2088 verscbntdet,
1185 2026 1278 2072 reum
1300 2027 1414 2072 coram
1436 2007 1527 2073 Deo=
1560 2009 1622 2074 sed
1655 2009 1728 2075 scio
1750 2010 1981 2075 remissionem
2000 2021 2034 2074 et
2055 2006 2168 2074 salve·

148 2097 229 2162 doct
250 2115 289 2161 er
309 2103 492 2161 verriorcen
514 2097 626 2162 merda
647 2116 667 2160 a
689 2115 806 2182 regno,
827 2092 969 2160 utSaui.
1003 2095 1046 2160 Et
1067 2093 1134 2159 hoc
1184 2094 1307 2158 tionem
1352 2096 1559 2179 propositam
1602 2114 1683 2161 csse
1726 2094 1896 2161 confitenti
1942 2108 1975 2162 et
2007 2095 2167 2162 credenti.

148 2178 336 2266 exemplum
357 2183 474 2248 metuit
491 2202 558 2246 non
580 2179 717 2246 lexiter:
740 2195 773 2247 et
796 2181 970 2267 cogitavit:
992 2203 1029 2248 er
1050 2185 1136 2250 wind
1184 2178 1280 2244 lianc
1302 2200 1343 2243 en
1367 2181 1495 2247 ectabo.

147 2269 204 2334 dtr
244 2270 326 2333 elren
348 2274 409 2335 tote
429 2271 502 2345 dem
524 2264 622 2334 Saul:
656 2269 717 2335 sed
739 2280 848 2333 tamen
871 2287 1057 2333 conversus
1082 2279 1135 2332 est
1271 2263 1325 2332 lV.
1383 2286 1422 2331 os
1445 2266 1526 2331 estis
1548 2263 1764 2353 hypocritae,
1794 2266 2001 2350 confidentes
2034 2277 2168 2344 rosnae

147 2353 195 2419 ed
215 2287 344 2433 ileum,
379 2353 449 2440 egit
469 2354 723 2438 poenitentiam,
753 2366 787 2419 et
814 2355 953 2420 interum
975 2364 1133 2439 receptas
1183 2351 1338 2429 iustitiae,
1359 2372 1427 2417 non
1449 2349 1674 2439 intelligentes
1700 2353 1884 2419 doctrinam
1906 2353 2000 2427 fidam
2029 2373 2097 2419 nou
2118 2354 2167 2418 in·

17 2520 20 2525 Δ
148 2450 203 2505 est
224 2459 245 2504 a
266 2436 343 2504 Deo
364 2451 398 2504 et
420 2440 595 2505 restitutus
617 2440 651 2504 in
674 2459 823 2528 regnum.
873 2437 1058 2507 Menander
1080 2460 1133 2520 ea,
1184 2438 1312 2503 trahitis
1341 2457 1454 2504 coram
1483 2459 1535 2504 eo.
1592 2437 1683 2505 Haec
1715 2448 1786 2504 tota
1820 2441 1986 2506 sententia
2019 2452 2072 2505 est
2100 2458 2167 2506 una

147 2545 235 2615 quae
264 2527 400 2591 ‘veniunt
433 2547 501 2591 non
537 2525 704 2592 accersito
736 2526 863 2593 nostris
891 2521 1132 2605 voluntatibus,
1183 2523 1269 2589 inter
1291 2524 1452 2609 optimam
1474 2537 1508 2591 et
1530 2526 1615 2591 inter
1637 2536 1783 2605 caetera,
1806 2538 1843 2593 nt
1865 2525 1943 2605 dixi,
1967 2525 2068 2592 dooet
2089 2545 2165 2606 nos,

147 2622 255 2691 vocat,
268 2610 436 2694 oizo‘pmo:
460 2631 501 2678 ea
522 2632 605 2678 vero
627 2631 715 2699 quae
730 2613 896 2679 accersita
911 2623 991 2679 sunt
1006 2613 1133 2679 nostris
1206 2610 1273 2675 nod
1295 2630 1363 2676 non
1391 2612 1572 2678 debeamus
1595 2607 1706 2698 frangi
1730 2632 1841 2690 mora3
1868 2612 1946 2699 quia
1971 2609 2067 2679 Deos
2095 2624 2167 2679 tan·

148 2693 389 2778 voluntatibus,
413 2709 514 2764 vocat
534 2699 666 2764 ἑκούσια.
717 2697 885 2766 liomems
906 2709 1020 2778 vocat,
1048 2703 1133 2764 into·
1183 2630 1259 2763 lam
1281 2697 1338 2761 dat
1360 2696 1658 2778 bonamborulam,
1679 2704 1734 2765 ein
1752 2703 1812 2784 put
1831 2699 2008 2779 2!an
2031 2709 2065 2764 et
2085 2717 2168 2766 vere

147 2801 264 2850 aanor
291 2784 391 2849 κακόν.
446 2783 505 2851 Sic
537 2805 620 2873 ergo
642 2783 752 2850 David
784 2786 859 2872 ipse
890 2784 954 2851 sibi
987 2786 1133 2851 accersi·
1183 2802 1247 2849 nos
1269 2782 1421 2862 exandit;
1450 2804 1519 2849 non
1541 2781 1751 2851 obliviscitur
1772 2786 1895 2858 nostri,
1923 2795 2075 2851 nummat
2096 2781 2168 2851 stil-

147 2882 501 3025 mittitete?
523 2867 900 3025 '‘battitiis“
920 2872 1133 3026 ”limidi
1183 2865 1505 3024 mittit}
1522 2882 1724 3024 iii‘ssllm’
1750 2870 1895 2939 ,aaa
1912 2871 2038 2938 ”m
2055 2869 2165 2952 '‘¹²¹³‘’

148 3042 296 3111 tentiam.
633 2979 656 3044 P
890 2978 936 3045 ag
1018 2981 1041 3047 p
1269 3041 1331 3109 Est
1358 3039 1457 3108 valde
1483 3045 1646 3111 concinne
1674 3044 1798 3113 dictam
1819 3064 1842 3110 a
1861 3040 2042 3110 'l’booon'to
2069 3041 2166 3110 oiim·

101 3155 104 3160 2
235 3125 484 3195 Sic-Manassis
512 3128 576 3198 soit
597 3128 671 3198 Rex
691 3130 830 3237 impius,
856 3128 1025 3198 interiecit
1054 3151 1133 3217 pro·
1182 3134 1293 3218 itura.
1328 3127 1501 3216 Bpodtmm
1519 3129 1666 3218 pracipes
1687 3119 1767 3218 ripas
1783 3136 1881 3216 aaa,
1903 3128 1987 3199 eme
2009 3136 2167 3213 earam,
2197 3159 2202 3165 ·

145 3211 266 3367 pbstas
288 3212 422 3297 multos,
443 3214 579 3283 Esaiam
595 3236 691 3284 serra
709 3217 872 3284 dmsooori
888 3217 997 3299 iussit,
1017 3218 1132 3285 immo·
1180 3216 1309 3296 idest,
1341 3218 1451 3284 Horae
1472 3215 1541 3285 Dei
1569 3223 1647 3286 sont
1667 3220 1798 3298 tame,
1825 3220 1888 3285 ted
1917 3219 2012 3285 ende
2042 3218 2166 3284 deside-

182 3303 229 3367 rit
246 3298 335 3368 filios
357 3322 441 3368 suos
461 3301 578 3384 idolis,
610 3316 643 3370 et
660 3302 728 3370 alia
748 3302 852 3371 multa
880 3302 1011 3371 sociem
1039 3303 1130 3372 iecit.
1180 3311 1283 3371 rotae.
1332 3303 1390 3371 Sic
1414 3307 1561 3372 tormen
1588 3308 1681 3373 voni.
1725 3301 1912 3391 Significat,
1943 3306 2017 3372 Gott
2041 3307 2168 3371 namne

145 3386 272 3454 Postea
293 3399 347 3455 est
368 3391 534 3457 abductus
545 3389 580 3456 in
591 3391 823 3476 captivitatem,
845 3403 879 3459 et
896 3391 941 3459 ibi
962 3393 1130 3458 aerumnis
1179 3410 1221 3457 sn
1241 3392 1371 3457 reciter
1390 3399 1479 3474 sept,
1511 3391 1575 3456 etsi
1601 3411 1696 3458 mora
1717 3408 1955 3477 nonnunquam
1976 3390 2165 3470 intervenit,

148 3470 238 3542 exilii
259 3487 293 3541 et
314 3477 770 3564 carcerisoommoneiactus,
793 3479 863 3585 ep't
880 3479 1129 3584 poenitentiomz
1181 3488 1290 3542 tamen
1317 3472 1438 3541 liberat
1470 3477 1615 3583 tandem.
1669 3474 1840 3563 Propheta
1872 3478 1994 3564 iuquit:
2035 3478 2167 3543 Venient

145 3581 256 3714 {dall
268 3559 652 3729 &destitissent
665 3585 700 3717 i
715 3560 852 3739 3531?
861 3577 1047 3732 ,sitm
1066 3565 1130 3727 223
1180 3568 1290 3714 {icil
1307 3568 1430 3714 itit
1439 3559 1926 3729 „immittitis
1943 3560 2166 3715 illitis

145 3731 340 3802 Statuamus
362 3736 464 3825 igitur
485 3738 595 3816 etiam,
617 3758 693 3804 cum
711 3739 916 3804 conscientia
933 3749 987 3805 est
1003 3738 1131 3819 saucio,
1181 3734 1312 3802 otiores
1353 3734 1481 3815 bonas,
1522 3730 1621 3822 quale
1660 3736 1758 3802 etiam
1796 3745 1850 3800 est
1882 3729 1964 3800 illud
1996 3732 2166 3801 Theocriti
2205 3758 2208 3764 ’

144 3816 256 3888 Deum
279 3819 368 3890 velle
385 3843 450 3888 nos
473 3824 635 3904 converti,
664 3835 699 3889 et
722 3821 810 3891 velle
837 3825 936 3890 nobis
963 3825 1132 3891 remittere
1179 3819 1320 3909 amum
1352 3825 1398 3904 λγ.
1453 3820 1608 3908 molitor
1634 3820 1779 3888 actitem
1806 3819 1846 3888 ul
1868 3819 1962 3886 inito·
1994 3819 2167 3905 δοσσεβὲων

64 3947 67 3950 >
144 3914 300 3992 peccota,
319 3919 353 3974 et
374 3931 439 3975 nos
461 3910 587 3976 iuvare.
1180 3904 1257 3974 δὀὔ.
1301 3909 1397 3976 datin
1413 3916 1543 3992 piorum
1564 3913 1719 3987 meliorat
1736 3914 1905 3993 ommam
1925 3925 2000 3974 non.

55 4022 59 4029 ¹
225 3997 315 4062 ¹Atro
336 3999 415 4062 titan
436 3999 520 4065 merit
541 4000 630 4064 mese
650 4016 764 4064 armen
784 4000 867 4065 Lent
886 4000 1007 4064 aliter:
1028 3996 1130 4062 Audi·
1268 3993 1455 4061 Posteritas
1477 3995 1605 4081 piorum
1627 3993 1743 4074 iloret,
1776 4005 1810 4061 et
1831 3995 1861 4060 si
1887 3993 1952 4078 ipsi
1974 3993 2042 4058 sint
2063 3994 2166 4060 casti·

145 4091 266 4150 terunt
288 4079 457 4147 Christum
490 4101 613 4148 sanare
644 4079 783 4163 multos,
814 4086 980 4150 accedunt
1012 4095 1047 4150 et
1068 4084 1131 4170 ipsi
1181 4081 1269 4167 goti:
1302 4093 1339 4147 ut
1363 4079 1523 4147 lonatbae
1553 4082 1733 4166 posteritas
1756 4080 1862 4148 lieret.
1919 4077 2000 4145 item
2021 4077 2164 4168 riioittp

144 4165 190 4231 ed
212 4187 300 4252 eum,
321 4169 474 4253 quamvis
495 4168 583 4234 baud
607 4169 706 4235 dubie
725 4171 961 4236 conscientiam
983 4172 1130 4238 sauciam
1181 4192 1204 4232 ι.
1226 4155 1313 4255 Εὗρε
1337 4165 1418 4242 Osis
1449 4165 1500 4232 τὸν
1527 4164 1663 4255 sarpta,
1696 4169 1775 4250 ἔχεις
1803 4165 1900 4231 xviim
1921 4153 1966 4230 oia
1986 4171 2166 4247 ⁶¹⁸3va

144 4249 335 4330 habebant,
368 4266 484 4338 petunt
517 4257 741 4336 curationem,
774 4267 807 4322 et
837 4268 996 4324 curantur
1016 4259 1130 4343 etiam:
1181 4254 1214 4319 ld
1237 4266 1306 4334 est,
1327 4253 1468 4320 -iuvonit
1500 4251 1598 4320 Deus
1629 4255 1804 4333 iniustum,
1836 4251 1943 4318 babes
1965 4252 2055 4338 qnod
2078 4252 2165 4318 deai-

144 4339 208 4407 sad
230 4339 264 4404 in
286 4338 411 4405 itinere.
1181 4340 1337 4406 derebus.
1523 4361 1527 4365 ’

1268 4426 1336 4493 Sed
1357 4426 1390 4493 in
1424 4445 1526 4493 cruce
1558 4437 1594 4492 et
1615 4424 1854 4492 aliliotionibus
1882 4420 1975 4491 multi
1997 4443 2065 4489 non
2087 4426 2165 4489 reti·

1041 4568 1043 4573 .
1181 4524 1263 4578 nent
1283 4534 1388 4599 spem,
1412 4525 1444 4578 et
1467 4511 1581 4578 fidem:
1605 4512 1785 4599 desperant
1799 4533 1904 4598 parva
1925 4510 2167 4578 interveniente

1181 4619 1286 4667 mora.
1330 4599 1403 4665 Nos
1432 4593 1585 4684 exemplo
1611 4601 1755 4666 istorum·
1776 4612 1953 4683 utrumque
1979 4597 2165 4664 discomum
2238 4577 2248 4600 ’
2291 4647 2295 4652 Α

363 4672 499 4778 Quare
529 4675 610 4759 hoc
638 4672 793 4760 sactum
824 4674 919 4762 esti
1181 4684 1337 4752 Sciamus
1368 4682 1478 4750 Deum
1510 4686 1634 4751 mederi
1666 4687 1766 4753 nobis
1799 4687 1832 4751 in
1864 4695 1940 4751 utro
1963 4703 2007 4751 aa
2040 4701 2167 4770 genere

775 4833 778 4839 ,
1181 4768 1362 4851 malornm,
1395 4783 1525 4837 etcum
1560 4772 1677 4837 sancia
1704 4783 1756 4838 est
1777 4702 2000 4851 consolantia,
2032 4781 2165 4836 etcum

235 4857 280 4924 Ut
296 4868 510 4926 exerceretur
542 4878 658 4923 eorom
689 4856 786 4925 fides.
841 4856 927 4924 lllno
949 4858 1131 4940 discemus,
1181 4857 1262 4926 nibil
1283 4859 1381 4924 nobis
1403 4876 1519 4923 snmus
1541 4858 1667 4923 atrocis
1688 4856 1847 4926 facinoris
1876 4857 2017 4925 conscii:
2045 4854 2167 4921 deinde

147 4946 281 5033 qnando
319 4944 468 5012 differtur
506 4943 680 5024 liberatio,
718 4965 761 5011 ne
799 4942 992 5011 deficiamus
1031 4944 1131 5012 fracti
1180 4946 1328 5012 sciamus
1350 4963 1416 5011 nos
1439 4964 1507 5009 non
1528 4943 1653 5013 dobere
1674 4938 1783 5029 frangi
1801 4965 1904 5010 mora.

146 5049 253 5098 mora.
285 5027 466 5099 lliscamus
489 5026 639 5118 regulam
662 5030 815 5134 traditopp
835 5032 869 5096 in
891 5027 979 5096 libro
1007 5030 1131 5098 luditbz

150 5116 1047 5210 amarmomonpraercrntmmmampmt
1079 5115 1130 5185 ita
