4620 5588
177 207 244 287 ΙΙ
879 199 1105 281 manaan
1122 199 1529 289 werinmar.
2118 204 2199 297 Ω

294 400 572 508 ρῃὶῄρωῃι
598 398 746 485 limites
760 442 763 449 ·
776 392 1049 485 Germaniae?
1211 408 1247 464 et
1277 394 1467 495 looptiones
1500 394 1722 482 prodigiosas
1776 393 1844 497 Est·
1876 396 1994 463 animis
2026 394 2196 465 hominurn

450 524 454 531 ·
1130 540 1133 549 .
1211 485 1360 550 lanatum
1381 482 1554 567 φιλόκαινον
1575 487 1628 547 rol
1649 480 1815 569 ἁψίκορον,
1836 482 1871 549 td
1892 498 1961 561 ast,
1983 503 2078 549 antor
2103 480 2197 549 navl·

267 544 392 636 Strabo
422 536 505 635 'dicit
536 562 648 635 Albim
682 566 833 633 dividere
860 562 1072 645 Germaniam
1094 586 1162 632 nte·
1211 570 1309 649 tatis,
1343 582 1376 634 et
1404 566 1573 635 fastidium
1606 570 1831 655 praesentium
1865 588 1989 633 rerumr
2022 582 2199 652 praeterea

180 657 279 725 diam.
345 656 410 730 Qui
432 667 583 721 vetustas
605 656 652 719 ita
669 654 879 723 terminavit?
945 648 1080 719 Vistula
1099 652 1163 721 tuit
1212 660 1310 723 atiani
1331 660 1488 741 artoarto:
1516 659 1597 722 dora
1622 663 1678 721 ein
1699 658 1791 722 leder
1808 661 1940 738 santam
1963 664 2064 722 etwas
2086 661 2199 736 arpen

179 741 276 813 liraes
290 743 514 815 Germaniaer
536 752 572 807 et
591 741 643 805 sic
664 737 762 805 Albis
784 752 837 805 est
863 741 898 805 in
921 741 1043 806 medio.
1211 747 1348 810 rnooden
1369 745 1444 810 rct‘ll.
1500 740 1548 807 lta
1570 736 1797 808 dilacerantur
1828 739 2012 826 religiones
2034 752 2069 807 et
2089 754 2198 816 artesr

268 828 443 895 Corradus
465 825 581 893 Celtas
607 828 734 913 primus
752 832 852 910 poeta
874 824 1085 905 Germaniae,
1106 846 1164 893 na·
1209 830 1290 916 ,quia
1321 824 1536 912 corruptelae
1563 829 1682 893 artium
1715 829 1864 894 oriuntur
1893 847 1937 895 ex
1959 827 2077 894 iisdem
2098 825 2198 895 tona-

179 923 235 985 tur
256 914 318 984 suit
338 912 627 981 inScbweinsurt:
650 912 731 980 lecit
751 913 843 979 bunc
862 933 999 980 versum
1017 915 1061 979 de
1080 911 1163 979 linti-
1185 962 1191 1010 Ι
1212 917 1289 982 bus.
1333 914 1395 979 Est
1415 916 1588 1001 antiquum
1610 914 1751 991 dictum,
1780 916 1836 983 ubi
1858 912 1953 980 Deus
1981 915 2096 979 condit
2117 925 2199 981 tem·

178 1004 270 1071 tibus
292 1001 509 1069 Germaniae:
1211 1003 1315 1089 plum,
1337 1003 1383 1069 ibi
1404 997 1571 1067 Diabolus
1589 1000 1626 1078 iu
1649 1002 1833 1086 propinquo
1856 1000 1997 1065 exstruit
2020 996 2198 1104 capellam,

265 1138 398 1207 a...
413 1139 456 1205 a
478 1157 598 1204 ...n
618 1136 844 1204 ...a
981 1136 1024 1205 u
1049 1139 1141 1207 aa
1213 1084 1636 1241 attalanae
1739 1172 2197 1259 aa...

265 1246 374 1329 Eis'r‘st
395 1259 476 1326 ober
496 1258 585 1325 rtlcbt
605 1258 705 1325 recta
733 1257 808 1344 Ego
829 1255 897 1325 feci
908 1256 1059 1325 Graecos
1082 1279 1163 1346 qaa-
1213 1262 1326 1327 doben.
1370 1227 1509 1345 bertrper
1530 1258 1652 1345 aliquid
1676 1256 1940 1343 corruptelarum
1963 1258 2054 1324 addit
2071 1255 2197 1323 Diabo-

179 1357 268 1429 ntor,
285 1358 319 1415 et
340 1347 477 1413 eosdem
499 1346 598 1411 etiarn
625 1345 779 1412 Latinam
1214 1343 1269 1412 lus
1290 1350 1324 1413 ia
1346 1344 1509 1433 religione
1531 1357 1565 1411 et
1590 1347 1731 1424 artibus,
1756 1350 1861 1413 doner
1880 1349 2029 1413 mmnrerr
2050 1346 2198 1411 dorrrarlt

308 1471 440 1536 Ram
461 1468 502 1532 σὺ
523 1484 648 1548 mm,
679 1467 785 1533 amr,
800 1468 862 1534 ,epp
877 1472 998 1552 fiumen
1018 1467 1060 1533 ab
1079 1474 1164 1552 om,
1213 1436 1268 1513 dle
1286 1452 1425 1514 marren
1445 1434 1665 1500 acdearllclrerr
1686 1438 1835 1515 rtraffen,
1867 1434 1922 1497 dle
1945 1451 2085 1512 prrrren
2107 1426 2199 1496 bella
2289 1468 2294 1475 ·

355 1554 551 1620 emme
566 1554 661 1634 pm,
686 1555 827 1619 mem
848 1563 949 1636 tm,
969 1556 1050 1618 pm
1214 1531 1248 1585 et
1261 1518 1521 1621 ,dilacerationes
1544 1520 1679 1606 generis
1695 1514 1845 1624 'hannani
1873 1528 1910 1582 ut
1929 1517 2050 1583 Esaias
2071 1518 2196 1622 iraquit:

309 1640 494 1722 „terraeque
508 1641 606 1723 Azy„
626 1644 777 1706 ammom,
796 1644 898 1706 pm,
912 1640 961 1704 aa
971 1640 1133 1724 mm,
1213 1609 1403 1688 latentiores
1413 1614 1547 1672 nortroe
1563 1615 1601 1671 nt
1615 1612 1700 1673 aena
1716 1607 1957 1689 dissipaverant
1973 1623 2042 1670 nor.
2075 1600 2198 1669 Esaias

351 1729 500 1795 Bam,
514 1729 562 1792 Μ
580 1729 722 1793 Boream
742 1734 898 1793 mm
920 1727 1076 1793 offam
1213 1694 1296 1758 vidit
1317 1692 1564 1794 dissipationem
1586 1691 1888 1769 decemtribuum,
1916 1702 1949 1754 et
1976 1687 2074 1794 buius
2098 1707 2196 1755 caus·
2280 1764 2283 1769 ¹

517 1846 522 1853 .
1214 1798 1287 1844 sam
1309 1780 1389 1844 dicrt
1410 1797 1488 1843 esse
1510 1773 1735 1857 idololatrias,
1766 1789 1904 1864 propter
1921 1794 2008 1861 quas
2033 1777 2196 1841 distracta

1060 1906 1069 1934 .
1213 1866 1258 1930 sit
1280 1885 1364 1952 gens
1382 1863 1449 1947 illa,
1472 1883 1558 1949 quae
1579 1861 1655 1928 sola
1677 1860 1792 1929 habuit
1809 1863 2065 1948 promissionem
2088 1862 2195 1948 regni,

161 1970 169 2001 -·
265 1946 490 2017 flaminica
511 1946 636 2015 xxiv.
680 1946 794 2016 POST
815 1944 1076 2018 ramirans.
1215 1973 1301 2037 quae
1333 1949 1409 2016 sola
1442 1947 1503 2015 suit
1536 1948 1636 2054 sedes
1670 1961 1704 2014 et
1736 1947 1937 2053 domicilium
1965 1945 2041 2014 Dei.
2086 1950 2198 2050 Eslsl
2265 2010 2269 2015 .

159 2084 165 2095 ’
421 2101 697 2195 Evaneebum
719 2101 861 2199 natth-
890 2102 924 2173 ⁹·
1213 2031 2196 2210 dialibilaibidans'adalaidailla
2288 2131 2294 2139 -

1213 2210 1407 2276 Samariam.
1452 2209 1602 2274 Samaria
1621 2211 1667 2275 r’at
1687 2207 1865 2275 rclraatren
1876 2212 2041 2290 pertram,
2067 2209 2137 2272 rrnd
2155 2224 2196 2272 ra

159 2318 248 2403 ”e
277 2319 597 2404 anan...
633 2315 749 2403 fra
777 2314 917 2421 aa,
955 2328 1006 2401 π
1040 2286 1740 2468 ω·-ἕεείεεεεὲεῑετςεήὲὲῗθῖςὲεῑ
1762 2290 2195 2466 *araneantes

518 2440 820 2523 morrhensa.
1213 2486 1341 2553 poenas
1359 2465 1583 2535 idololatriae:
1606 2488 1804 2553 quamquam
1821 2468 1918 2531 etiam
1941 2478 2040 2531 antea
2061 2461 2195 2531 fuerunt

166 2598 183 2627 r·
204 2612 209 2619 .
263 2614 267 2623 .
462 2610 465 2615 .
1020 2568 1023 2575 '
1212 2556 1460 2642 magnimotus,
1482 2557 1540 2640 qui
1561 2550 1835 2638 fueruntpoenae
1851 2549 2070 2619 idololatriae.
2098 2550 2194 2619 Deas

161 2690 168 2707 ..
255 2639 302 2705 -ln
324 2650 417 2705 textu
435 2639 567 2713 dicitur:
598 2639 686 2706 Venit
695 2642 854 2722 Princeps
865 2647 899 2707 et
914 2642 1065 2707 odoram
1080 2660 1162 2707 earn.
1186 2665 1192 2762 ι
1212 2643 1340 2728 mitiget
1362 2655 1558 2726 praesentes
1581 2636 1798 2704 calamitates.

178 2725 264 2800 Quis
287 2723 350 2793 l'uit
371 2724 428 2791 ille
447 2725 633 2811 Princeps?
687 2726 762 2791 Fuit
787 2726 1103 2812 Areltisynagngus,
1129 2727 1191 2815 id¹
1301 2728 1368 2792 lam
1385 2739 1469 2791 ‘sunt
1487 2727 1564 2792 anni
1586 2725 1663 2804 400,
1687 2740 1720 2790 ct
1742 2720 1841 2809 paulo
1864 2721 2025 2808 amplius,
2060 2720 2195 2809 quando

177 2825 242 2891 est,
269 2821 330 2880 tale
351 2811 583 2879 eiereeanas
606 2815 688 2879 ader
709 2810 835 2881 Rector
867 2815 901 2878 in
924 2811 1055 2888 schola,
1082 2816 1163 2885 oder
1213 2810 1347 2879 fuerunt
1371 2810 1458 2878 bella
1480 2813 1585 2897 patris
1610 2812 1743 2877 llenrici
1766 2813 1892 2897 quarti,
1927 2822 1960 2875 et
1983 2809 2040 2873 lilii
2062 2809 2197 2874 llerrrici

176 2907 238 2968 trie
258 2909 312 2967 ebt
332 2898 456 2964 Pastor
480 2902 551 2967 rrrrd
570 2897 743 2980 Ptirrlrerr.
788 2895 880 2963 'Palis
912 2918 1060 2985 persona
1087 2896 1161 2979 fuit,
1213 2901 1333 2985 quinti,
1356 2919 1442 2985 quae
1465 2901 1519 2964 diu
1542 2900 1719 2974 durarunt,
1751 2899 1809 2963 ubi
1833 2897 1991 2961 Germani
2025 2897 2089 2980 ipsi
2111 2896 2197 2961 inter

159 2989 265 3053 ¹sicut
288 2998 340 3052 est
362 3007 508 3071 persona
529 2986 676 3071 pastoris
698 2987 732 3052 in
754 2984 920 3052 Ecclesia.
971 2986 1009 3051 ln
1031 2988 1162 3073 oppidis
1212 3007 1252 3050 se
1277 2987 1527 3052 dimicaverant.
1583 2984 1729 3051 Hernico
1762 2996 1882 3069 quarto
1917 2994 2013 3047 erunt
2047 2982 2195 3047 adiuncti

174 3070 344 3141 habebant
363 3094 570 3161 synagogas.
1212 3073 1349 3152 Franci,
1382 3068 1527 3157 Belgae,
1560 3082 1594 3136 et
1617 3068 1769 3138 Bohemi.
1832 3069 1959 3137 Contra
1993 3089 2067 3134 erum
2100 3077 2197 3137 etant

386 3198 422 3241 ,υ-
1213 3161 1380 3225 coniuncti
1403 3158 1555 3223 Saxones
1578 3170 1612 3223 et
1633 3156 1755 3234 Saevi,
1783 3158 1879 3221 etiam
1903 3158 1988 3221 duae
2011 3152 2196 3243 bellicosis·

175 3246 453 3337 Habebant'ne
509 3253 633 3334 etjam
687 3250 842 3362 templa
885 3251 929 3332 in
973 3250 1159 3362 oppidis?
1211 3247 1316 3349 siluae
1339 3247 1503 3361 lml⁰¹³⁰⁸f
1548 3245 1625 3356 lpse
1654 3242 1837 3362 lrttprarntot·
1865 3242 2028 3359 llettricus
2050 3243 2082 3305 4.
2106 3242 2195 3345 dimi·

487 3371 498 3381 ν
1211 3346 1300 3397 aava
1322 3346 1455 3397 ctrcrter
1477 3351 1633 3416 sexagres
1652 3350 1781 3407 scates,
1804 3351 1939 3413 saeptus
1967 3350 2065 3414 quam
2089 3326 2194 3395 lubus

263 3413 357 3493 Non,
390 3417 469 3498 quia
499 3411 560 3480 suit
592 3415 784 3481 mandatum
816 3413 897 3497 Dei,
930 3425 967 3479 ut
999 3435 1066 3480 non
1094 3416 1158 3480 nisi
1173 3420 1186 3449 ·“
1211 3417 1350 3485 Caesar.
1402 3416 1457 3481 Ad
1491 3416 1671 3502 diersburg
1703 3417 1782 3481 vicit
1808 3412 2020 3500 llodolplnua
2052 3418 2194 3497 lmpera·

176 3502 310 3567 unicum
332 3498 489 3587 templum
507 3498 696 3565 haberetur.
740 3500 877 3574 Quare?
899 3510 936 3565 ut
958 3503 1158 3566 retineretur
1210 3504 1402 3588 torem,qui
1425 3515 1638 3567 contraeunt
1661 3498 1790 3566 electus
1813 3499 2034 3586 er·at.=.Papa
2057 3501 2194 3566 miserat

175 3584 319 3665 facilius,
340 3607 408 3651 una
429 3587 634 3651 eteademet
651 3589 865 3653 consantiens
886 3608 950 3651 voa·
967 3587 1158 3664 doetriuae;
1210 3586 1402 3674 Rodolplm,
1437 3592 1527 3653 bono
1559 3588 1712 3673 principi,
1745 3608 1923 3666 coronam,
1950 3588 1983 3652 in
2016 3607 2082 3674 qua
2109 3587 2193 3654 scri·

175 3675 273 3751 item,
307 3693 350 3737 nc
371 3674 497 3738 diversi
518 3685 552 3739 et
571 3670 664 3739 multi
686 3670 815 3740 cultus.
832 3673 974 3746 diversis
998 3674 1158 3759 opinioni·
1208 3688 1323 3762 pserat
1345 3695 1495 3741 versum:

177 3760 241 3826 bus
262 3760 522 3826 instituerentur.
577 3759 673 3827 Deus
695 3758 801 3827 voluit
823 3779 902 3825 esse
921 3781 1020 3826 unam
1042 3761 1158 3827 sedern
1339 3799 1440 3863 pm
1461 3797 1551 3862 dedu
1572 3797 1670 3862 pm
1702 3796 1836 3860 Petrum
1856 3796 2007 3861 diadem
2017 3794 2185 3877 Μοιρὼ

176 3845 365 3924 doctrinae,
395 3857 432 3909 ut
449 3846 622 3913 doctrinae
649 3844 757 3913 forma
788 3858 939 3912 maneret
966 3848 1094 3926 eadem,
1126 3858 1160 3913 et
1602 3912 1606 3921 ,
1669 3839 1681 3874 ’
2183 3843 2192 3860 ’

175 3932 242 3997 sibi
262 3934 495 4011 consentiens,
527 3944 562 3999 at
588 3953 630 4000 ue
649 3934 695 3998 ita
716 3953 803 3999 unus
826 3931 947 3999 cultus.
1001 3932 1079 3999 ldco
1101 3955 1160 4001 ro·
1210 3930 1305 3999 Tune
1336 3933 1485 3999 Saxonis
1517 3943 1590 3999 erat
1621 3933 1864 4018 propugnatrix
1885 3930 2051 3998 Pontificii
2084 3930 2192 4019 regni,

176 4017 237 4087 luit
248 4039 327 4084 esse
337 4021 472 4084 unicum
485 3955 653 4105 templum,
675 4017 730 4085 vel
742 4016 1004 4098 tabernaculam,
1025 4020 1159 4087 unicum
1209 4040 1299 4086 nune
1327 4030 1507 4106 oppugnat.
1562 4018 1683 4084 Videte
1715 4019 1962 4085 vicissitudines
1995 4029 2191 4103 temporum.

175 4104 299 4188 locum,
327 4106 384 4191 qui
411 4105 585 4174 dicebatur
623 4107 881 4189 tabernaculum,
913 4104 968 4171 vel
999 4113 1159 4191 ternplnrn,
1208 4111 1318 4174 Merit
1346 4110 1411 4173 den
1448 4126 1541 4173 cerr:
1574 4103 1694 4184 Petra,
1721 4107 1857 4176 idest.
1876 4102 2059 4189 lClrristus,
2100 4105 2192 4170 dedit

178 4192 341 4277 adquam
368 4188 479 4258 locum
511 4204 626 4280 essent
652 4189 805 4259 facienda
837 4191 1002 4258 sacrificia
1024 4193 1159 4278 publica
1211 4192 1323 4271 Petro,
1355 4194 1388 4258 id
1411 4205 1476 4274 ast,
1508 4191 1659 4257 Romano
1684 4190 1836 4257 l’ontilrci
1858 4211 2020 4257 summam
2042 4202 2192 4278 patesta-

177 4292 212 4345 et
234 4278 411 4352 ordinaria,
434 4291 467 4343 et
489 4276 571 4344 solis
591 4278 838 4358 sacerdotibus,
871 4299 938 4344 non
967 4277 1041 4344 aliis
1067 4277 1159 4347 licuit
1210 4292 1276 4345 tent
1305 4280 1445 4363 imperii.
1501 4278 1620 4344 Petrus
1644 4277 1799 4344 Pontifex
1827 4278 1916 4343 dedit
1945 4278 2096 4345 diadema
2123 4275 2191 4344 lio·

177 4363 380 4431 sacrificare.
426 4366 523 4431 aaran
544 4369 623 4447 dine
642 4371 707 4433 rod
725 4368 780 4433 r'dr
805 4367 1005 4433 detrnrdten.
1049 4370 1095 4433 Er
1116 4371 1161 4432 lrt
1209 4362 1350 4450 dolplto;
1385 4366 1480 4452 qrrasi
1503 4363 1658 4431 Christus
1685 4365 1813 4432 dederit
1840 4364 1961 4441 Petro,
1994 4378 2028 4430 et
2054 4365 2192 4451 imperia

176 4454 315 4517 narnien
345 4455 416 4518 und
436 4449 518 4532 lein.
573 4451 622 4517 lta
653 4449 773 4519 melias
805 4450 1016 4538 intelligetis,
1049 4449 1158 4538 qualis
1209 4454 1323 4518 mundi
1345 4464 1377 4517 et
1398 4471 1561 4518 summam
1585 4463 1783 4537 potestatem
1800 4452 1833 4516 in
1855 4446 2022 4517 Ecclesia.
2067 4453 2192 4517 Postea

82 4606 85 4613 ,
178 4533 277 4601 suerit
298 4533 388 4602 illius
408 4534 680 4604 Politiaeforntar
702 4539 791 4622 item,
814 4558 918 4626 quare
935 4539 980 4603 sit
998 4540 1158 4621 instituta,
1209 4539 1300 4606 lilius
1322 4539 1521 4605 incitabatur
1550 4541 1714 4625 adversus
1737 4550 1884 4623 patrem,
1917 4551 2115 4623 persecutus
2138 4546 2194 4611 est

177 4633 212 4688 et
250 4641 316 4706 quo
355 4622 507 4690 corrsilio.
574 4624 792 4690 Considerate
836 4623 1041 4691 voluntatem
1078 4622 1157 4702 Dei,
1232 4640 1354 4705 atram,
1387 4639 1421 4691 et
1442 4646 1516 4691 earn
1539 4626 1672 4690 obsedit
1688 4624 1816 4691 Leodii.
1870 4621 2036 4708 Tempore
2058 4621 2116 4688 lilii
2139 4633 2193 4689 est

177 4704 344 4795 quivult,
375 4731 474 4776 unam
503 4730 581 4776 esse
610 4713 871 4778 consentientem
898 4713 1069 4779 doctrinae
1090 4708 1157 4779 sor·
1206 4648 1355 4778 lunditus
1378 4710 1490 4777 deleta
1511 4711 1734 4797 Norinberga,
1756 4731 1792 4777 es
1813 4718 1858 4780 ist
1874 4714 2068 4794 percaleiffl,
2088 4712 2191 4794 Arrct-

176 4815 263 4861 ruam
285 4796 318 4858 in
340 4796 497 4863 universa
518 4794 683 4865 Ecclesia.
827 4870 834 4881 ,
1202 4819 1290 4883 para
1312 4806 1357 4868 lrt
1374 4801 1457 4866 enclr
1474 4799 1659 4880 nracdler'fft.
1701 4798 1828 4863 Postea
1849 4799 1913 4862 sub
1935 4796 2097 4862 Lotlrario
2119 4795 2190 4864 lua·

265 4878 397 4947 Utinam
437 4904 614 4967 possemus
651 4884 790 4950 eandem
822 4884 1007 4951 doctrinam
1043 4904 1157 4951 veram
1207 4897 1285 4951 runt
1305 4887 1494 4951 restitutae:
1527 4882 1588 4950 luit
1609 4882 1781 4951 horribilis
1808 4885 1953 4951 vastatio
1977 4882 2190 4962 Germaniae,

177 4986 302 5035 sonare
323 4968 458 5053 ubique,
480 4991 548 5039 uon
569 4967 680 5037 solum
702 4972 817 5037 iisdem
836 4973 959 5043 verbis,
981 4972 1042 5038 sed
1061 4971 1157 5037 etiam
1206 4975 1296 5040 roan
1316 4975 1393 5054 dlnp
1414 4976 1477 5039 roll
1495 4974 1550 5039 idr
1570 4974 1732 5038 naerrlrea

175 5055 294 5123 iisdent
312 5051 466 5140 syllabis.
508 5055 691 5143 Propterea
710 5059 847 5125 vitanda
868 5072 922 5124 est
941 5055 1000 5123 illa
1021 5057 1157 5124 ambitio
1293 5062 1542 5140 annaneane
1563 5057 1658 5123 Deus
1670 5056 1917 5123 voluituaicum
1929 5052 2189 5140 essetempluar,

175 5143 325 5232 fingendi
340 5144 517 5224 murator,
538 5146 809 5213 comminiscendl
837 5164 946 5212 novar
969 5145 1158 5232 opiniones,
1207 5146 1554 5226 aaam,eteaudemet
1567 5143 2189 5224 consentientemdoctriuaro,etuuara
