4620 5588
871 202 1089 272 romnus
1114 154 1536 275 nacaurnoumun·=
1551 210 1568 247 ··
2070 178 2079 253 ἓ
2135 188 2207 281 otu

312 395 449 463 Nemera
469 404 518 459 art
532 394 667 460 moe
687 392 875 466 Boeiedam
895 394 952 457 nst
968 400 1018 459 ert
1030 397 1166 485 minida
1216 392 1286 459 boc
1303 371 1546 495 argumentum,
1569 397 1660 484 qnod
1684 399 1716 465 in
1739 399 1899 485 speciem
1921 374 2204 489 quandopliquid

360 486 459 548 rium:
538 500 543 507 ·
582 498 585 505 ·
703 492 720 537 '·
1084 509 1089 518 ·
1147 506 1152 515 ·
1217 484 1469 567 nuncogitarit
1497 494 1600 562 anta,
1632 484 1764 550 ridetur
1786 481 1908 573 aliquo
1938 482 2038 571 modo
2063 488 2203 554 turbato

313 569 522 633 ministerium
540 573 625 629 tunic
638 572 764 647 tartara
774 566 954 651 fait'apad
970 564 1168 634 Plurimi
1216 568 1395 633 bominem.
1422 568 1582 655 ‘Semper
1603 564 1679 649 suit,
1708 584 1771 649 ast,
1801 584 1836 636 et
1858 572 1919 636 crit
1942 567 2115 659 Ecclesiaz
2138 570 2204 638 se'd

360 665 392 719 et
412 654 639 722 Sadducaeos:
737 732 742 741 .
970 672 974 679 ·
1146 680 1158 735 χ
1214 658 1453 739 persecutores
1476 666 1510 719 et
1530 652 1648 721 bostat
1662 654 1849 743 Evangelii,
1871 667 1905 722 et
1925 658 2120 742 praesertim
2143 654 2205 747 qul

315 740 404 826 Erpa
423 741 476 805 itti
496 738 627 819 suebat
653 760 728 804 cero
749 739 912 808 Ecclesia.-
943 740 1075 823 ideoque
1101 758 1166 805 nort
1215 736 1325 890 pulani
1349 752 1429 806 siunt
1451 740 1589 833 hostes,
1622 746 1656 807 ct
1675 736 1880 829 blasphemi,
1914 764 1983 811 noa
2016 754 2095 813 sunt
2120 746 2202 831 pars

357 830 422 909 fiu't
445 826 671 895 discdbadnm
693 825 732 888 ab
754 826 830 894 iilis.
1189 850 1193 860 ·
1245 824 1409 906 eclesiae,
1441 827 1571 895 ctiaomi
1604 829 1818 896 dominantur
1843 832 1877 896 in
1907 827 2080 912 Ecclesia,
2114 830 2204 898 sicut

116 1010 118 1014 ⁴
184 982 250 1049 vu
270 981 451 1050 ionnamos
471 982 700 1070 argumentum
724 981 790 1047 boc
810 982 927 1047 inodo:
1215 932 1319 999 saepe
1341 911 1389 981 fit*

312 1118 374 1184 aa
404 1116 1005 1202 sinpossrctauseuccmram,m21
1035 1116 1091 1181 ott
1117 1126 1165 1183 m
1412 1089 1513 1173 Wos
1559 1090 1688 1176 hoissi
1731 1090 2004 1181 Pharisaeus?

358 1208 582 1273 miseramina.-

317 1291 446 1356 ranam
474 1292 563 1375 opud
584 1288 778 1355 l'liorisocor
806 1299 837 1354 et
863 1288 1070 1354 Sadducaeos
1097 1291 1165 1369 titii
1216 1339 1224 1356 .
1282 1251 1499 1360 ‚lixl’ffilw'’
1517 1263 1571 1323 Μ
1587 1262 1756 1339 “mederi
1784 1245 2003 1362 S⁰d¹l¹⁸¹⁰¹¹⁰lls
2032 1257 2201 1366 Slgqlflcfli

360 1380 572 1452 m,·„,·,p„,·„„,‚
604 1380 688 1441 ,imp
716 1385 788 1442 „pe
809 1376 885 1441 pm
907 1385 1050 1459 tempora
1076 1377 1165 1460 md
1214 1349 1424 1408 insidiarum.
1483 1341 1659 1408 llabebant
1698 1345 1882 1411 Sadducaei
1923 1348 2200 1429 superbissimum

359 1466 531 1549 pompm
552 1471 582 1529 d
604 1463 805 1547 Episcopo&
1216 1423 1362 1508 titulum,
1380 1447 1455 1492 cum
1477 1441 1593 1495 essent
1610 1424 1751 1514 ¹pessimi
1773 1429 1935 1495 homines.
1975 1431 2096 1498 Essaei
2119 1438 2200 1519 ope·

194 1558 198 1563 ·
312 1550 403 1634 Em„
431 1560 550 1615 pamm„
582 1550 633 1614 pp,-
660 1552 790 1630 summ,
821 1547 985 1623 Maga,
1018 1557 1050 1613 ά
1076 1569 1164 1612 mmo
1215 1514 1304 1578 rarii.
1349 1513 1732 1620 Debetisocousiderqre
1765 1530 1897 1621 sectas,
1931 1518 2009 1603 quio
2038 1519 2226 1605 quodam·

360 1637 452 1702 ,pst
1215 1600 1314 1694 modo
1337 1613 1414 1664 sunt
1437 1598 1562 1666 suadas
1585 1615 1710 1668 nostris
1732 1606 1947 1689 teniporibua.

270 1720 367 1789 biulti
387 1727 486 1790 etiam
506 1743 596 1790 nunc
622 1735 759 1789 utuntur
789 1722 856 1787 boc
877 1733 1088 1808 argumentor
1693 1780 1703 1798 ‚
1900 1781 1910 1798 ‚

312 1810 351 1872 In
370 1810 492 1893 populo
513 1810 617 1872 Inue!
637 1816 710 1871 tuac
732 1816 851 1871 tuntum
872 1808 920 1870 itt
930 1807 1164 1888 laitEccieric,
1291 1775 1409 1880 Quae
1435 1791 1536 1887 fimi
1576 1780 1759 1877 doctum
1789 1778 2125 1875 Phal'lsassommi

361 1896 414 1960 obi
434 1904 503 1960 erui
520 1898 741 1963 antidotarium:

317 1982 446 2046 Timum
466 1982 511 2045 ml
531 1982 613 2045 iliad
634 1981 776 2062 templum
794 1982 859 2059 suit
881 1982 1101 2049 ndairtarium:

310 2068 401 2152 Erpa
422 2069 501 2131 nulli
523 2068 582 2132 clii
604 2070 734 2149 sacrarii
760 2066 917 2132 Ecclesia.

1300 1940 1472 2009 Pbarisaai
1495 1945 1682 2011 retinabant
1698 1944 1916 2031 Scriptorum,
1940 1948 2209 2033 nonnegabant,·

1214 2048 1283 2093 non
1306 2031 1507 2096 obiiciebant
1536 2029 1739 2181 propbetas,
1771 2035 1957 2137 retinabant
1975 2032 2128 2138 'Moysen
2165 2043 2200 2099 ct

1214 2116 1415 2201 propbetas;
1443 2119 1504 2182 sed
1528 2118 1594 2181 tuln
1630 2117 1859 2205 uitelltgebaut
1882 2139 1914 2183 tn
1938 2117 2022 2197 illis,
2051 2141 2114 2184 msi
2140 2121 2199 2184 do·

182 2292 253 2358 saci
277 2303 311 2358 et
333 2294 541 2371 Sadducaei,
572 2305 681 2358 tortian
715 2303 811 2356 erant
832 2290 1004 2357 Ecclesia:
1038 2289 1165 2356 Zucba·
1216 2290 1306 2365 bont,
1328 2302 1493 2374 tamquam
1517 2287 1744 2374 disciplinam,
1778 2293 1809 2356 id
1833 2301 1897 2372 cst,
1933 2257 2199 2378 cogitabantla·

180 2380 264 2458 rius,
286 2378 433 2459 Simeon,
455 2377 588 2463 loseph,
616 2378 734 2456 lilerio,
763 2378 873 2455 Anno,
900 2391 933 2442 ot
955 2372 1046 2442 multi
1068 2376 1164 2442 tales·
1215 2393 1291 2461 gem
1314 2387 1442 2440 tautum
1465 2395 1584 2463 rogere
1596 2388 1752 2442 externos
1774 2390 1897 2456 mores,
1919 2391 1952 2441 ct
1975 2376 2065 2442 illam
2088 2389 2198 2443 exter·

181 2464 243 2529 Est
261 2476 370 2530 autom
392 2466 426 2531 iu
458 2477 656 2552 argumento
688 2461 823 2528 fallacia
854 2464 1106 2548 compositionis
1132 2478 1166 2530 et
1215 2482 1291 2523 num
1310 2460 1517 2546 disciplinam
1542 2482 1621 2526 cssc
1642 2463 1797 2528 iustitiam
1821 2483 1935 2528 coram
1959 2462 2046 2542 lieo,
2075 2465 2198 2531 mereri

182 2551 366 2618 divisionis,
409 2551 472 2616 Est
493 2563 724 2638 argumentum
746 2547 853 2614 simile
876 2551 967 2615 buicz
1217 2547 1446 2611 remissionem
1493 2562 1734 2631 pcccatorum,
1784 2561 1817 2615 et
1863 2551 1965 2613 vitam
2017 2560 2198 2616 aeternnm.
2232 2604 2250 2631 .,

312 2642 384 2704 Dua
406 2647 439 2704 et
459 2645 526 2703 tria
547 2649 624 2705 aunt
640 2643 739 2721 partu
760 2646 795 2703 ee
813 2643 971 2720 imparia:
1216 2631 1340 2696 Postea
1362 2634 1529 2723 addebam
1547 2637 1615 2720 ipsi
1639 2632 1758 2701 multas
1789 2637 2002 2714 traditiones,
2033 2635 2199 2706 mirabilia

315 2726 460 2807 Quinque
480 2735 557 2791 stent
576 2728 641 2790 dito
663 2733 697 2790 et
716 2731 799 2789 tric:
1216 2720 1384 2783 exercitia.
1434 2723 1480 2786 Er
1501 2727 1605 2788 stede!
1630 2728 1692 2788 ciet
1719 2725 1842 2788 (taram
1874 2723 1907 2786 in
1931 2720 2131 2807 Epiphanio:
2165 2733 2200 2790 ct

312 2812 399 2892 Erpa
422 2818 560 2894 aruaque
580 2816 656 2876 sicut
674 2819 774 2891 paria
795 2818 831 2875 et
850 2813 1002 2892 imparia.
1215 2807 1293 2889 quia
1315 2806 1448 2870 tandem
1471 2820 1648 2872 creverunt
1671 2809 1743 2873 sinc
1765 2809 1865 2872 modo
1893 2811 2089 2873 traditiones
2114 2807 2200 2875 Pha·

268 2893 373 2961 Plane
396 2895 464 2962 talc
485 2910 538 2962 est
559 2894 639 2961 iliud
667 2915 810 2981 qumque,
839 2897 927 2980 quod
958 2895 1103 2981 agitatur
1124 2894 1166 2960 dc
1216 2893 1369 2970 iisaicae,
1404 2894 1583 2958 sarriebant
1611 2892 1684 2973 alii,
1719 2898 1773 2980 qui
1804 2894 1963 2960 uolebant
1997 2897 2200 2961 abbreviare

181 2982 364 3048 ministerio
386 2994 418 3048 et
435 2981 601 3048 Ecclesia.
637 2982 819 3068 Utrobique
842 2995 895 3046 ost
917 2979 1052 3046 fallacia
1075 3001 1164 3046 com·
1216 2981 1415 3043 doctrinam:
1449 2983 1510 3045 dae
1531 3002 1644 3046 vitrea
1672 2981 1871 3046 Sadducaei.
1929 2978 1978 3045 llli
2011 2983 2200 3067 reiecerunt

182 3071 356 3154 positionis
369 3083 402 3134 et
413 3070 603 3135 divisionist
629 3068 765 3135 Tcittmn
788 3072 832 3134 ibi
849 3067 1165 3146 astoerchricsic,
1216 3064 1410 3150 propbetas,
1433 3079 1558 3131 tantum
1581 3070 1769 3132 retinebunt
1790 3067 1923 3146 Mosen,
1952 3070 2104 3133 dixerunt
2126 3070 2198 3135 oni·

182 3159 239 3222 ubi
268 3165 318 3222 eet
356 3159 579 3223 tiiittisterium.
635 3154 807 3220 Concedo.
864 3155 1013 3220 Possunt
1051 3167 1165 3220 tenere
1216 3174 1288 3216 iiius
1307 3174 1373 3217 non
1397 3174 1475 3218 csse
1494 3152 1706 3234 trinomias,
1730 3177 1795 3219 non
1820 3176 1898 3220 esse
1917 3157 2197 3221 resurrectionem

182 3242 410 3323 ministerium,
439 3256 473 3307 ct
494 3243 654 3308 ‹luniinari
677 3242 766 3326 impii
789 3245 821 3306 in
845 3262 885 3306 oo
909 3252 1018 3319 coetu,
1042 3243 1074 3305 in
1097 3262 1163 3326 quo
1216 3259 1405 3323 corporum,
1430 3260 1496 3305 non
1520 3238 1592 3305 lore
1614 3243 1777 3314 iudicium,
1802 3241 1934 3306 suerunt
1957 3261 2096 3325 prorsus
2119 3240 2198 3327 Epi·

183 3341 261 3392 sunt
275 3330 386 3412 sparsi
403 3327 503 3414 aliqui
522 3331 582 3412 pii3
604 3330 691 3393 sicut
703 3331 767 3393 sub
781 3328 1045 3412 llpiscopissunt
1056 3329 1165 3392 adbuc
1216 3328 1341 3391 curcei.
1397 3325 1637 3393 Disccsserunt
1674 3330 1717 3397 ab
1756 3331 1908 3412 *utrisque
1939 3327 2083 3392 lissuoir
2119 3316 2241 3411 quia'o

184 3411 572 3479 multisanctietelecti.
602 3413 727 3477 blinor:
754 3413 1168 3499 Tiriituniiquaiistoclutt
1216 3413 1373 3475 ridebant
1395 3409 1472 3476 illos
1505 3415 1593 3476 iuter
1614 3433 1652 3479 sa
1683 3417 1919 3479 'anibitionibus
1948 3416 1980 3477 iu
2012 3412 2197 3498 liepublica

183 3506 407 3567 ministerium.
460 3498 636 3578 Traiiseat,
659 3501 734 3585 quia
757 3502 898 3565 subinde
931 3502 1030 3566 ctiam
1062 3498 1163 3584 aliqui
1215 3510 1360 3572 cortaro;
1387 3500 1474 3563 stom
1507 3499 1651 3564 ‹loiniula
1680 3521 1784 3584 penes
1817 3499 1894 3565 illus
1919 3501 2003 3565 duas
2032 3498 2196 3565 sactiones

183 3583 363 3650 interillos
385 3585 530 3666 suerunt,
564 3586 620 3671 qui
644 3597 735 3650 recte
758 3586 940 3652 docebant:
974 3586 1061 3650 sicut
1083 3601 1164 3651 tem-
1214 3597 1318 3648 ciunt.
1363 3584 1411 3648 lbi
1440 3584 1539 3669 aliqui
1562 3600 1779 3651 secesserunt
1800 3590 1832 3651 in
1857 3584 2070 3664 solitudiuoS,
2105 3584 2197 3651 insti·

183 3690 267 3756 pore
294 3670 553 3737 Pharisaeorum
587 3684 680 3737 recta
712 3674 880 3741 docebant
914 3670 1097 3737 Zocliarias
1130 3684 1163 3736 et
1214 3683 1346 3736 tuerunt
1379 3672 1712 3737 corinmmieationcm
1748 3671 1934 3739 ciliciorum
1968 3685 2001 3736 at
2031 3670 2195 3739 laborum.

183 3758 328 3826 Simeon.
386 3759 443 3823 Sic
471 3763 535 3825 sub
561 3771 683 3844 papatu
718 3778 852 3843 semper
884 3756 984 3843 aliqui
1017 3755 1162 3834 fuerunt,
1213 3756 1288 3821 Nun
1324 3755 1417 3821 iiiubi
1453 3755 1587 3822 l'uerunt
1620 3757 1724 3842 tales,
1759 3757 1891 3825 fuorunt
1926 3762 1958 3823 in
1982 3758 2080 3836 locis,
2108 3778 2196 3844 quac

183 3845 238 3931 qui
260 3854 354 3911 recto
381 3846 585 3922 doctiorunt3
617 3858 653 3910 ut
685 3842 867 3925 Touleous,
901 3843 1097 3924 Wessclus,
1129 3857 1162 3910 at
1213 3856 1310 3907 crant
1331 3845 1439 3908 vieiua
1462 3843 1581 3923 bortis,
1604 3847 1658 3910 ubi
1682 3859 1753 3911 erat
1777 3845 1972 3924 balsamum,
1996 3865 2101 3928 prope
2120 3845 2196 3910 llio·

183 3928 239 3995 alii
267 3928 370 3997 inulti.
431 3931 524 3996 Deus
553 3944 668 3998 serrat
699 3951 832 4015 sempor
864 3927 999 4016 aliquod
1034 3952 1160 4010 suman,
1214 3930 1318 3994 richo.
1364 3931 1509 3996 luerunt
1537 3933 1713 3996 admodum
1740 3930 1901 4010 officiosi,
1934 3933 2196 4012 medicabuntur,

183 4018 282 4082 ctiam
305 4018 336 4082 si
359 4037 425 4105 ror
438 4020 610 4083 doctrinae
625 4016 710 4084 alias
732 4032 784 4083 est.
806 4015 981 4097 illustrior,
1002 4029 1035 4083 et
1055 4021 1161 4105 magis
1212 4007 1339 4082 dabui'it
1360 4036 1495 4100 operam
1518 4019 1630 4082 studio
1661 4016 1906 4105 pliiiosdpbiac,
1937 4017 2106 4083 bobr-bant
2131 4038 2196 4083 uua

184 4104 357 4169 exauditur
390 4126 488 4190 quam
516 4103 582 4169 alio
606 4118 774 4190 tempore,
806 4118 916 4169 tantun
946 4124 1081 4189 sempor
1102 4104 1161 4168 ali·
1184 4118 1190 4155 ¹
1214 4104 1373 4168 exercitia
1412 4103 1643 4189 pulcherrima.
1705 4105 1877 4191 Nusquam
1919 4107 2039 4169 vidctis
2079 4124 2195 4171 eorum

182 4209 270 4341 Ὲιοε
301 4202 416 4256 servat
448 4189 554 4255 Deus.
610 4191 704 4257 Sicut
738 4189 906 4276 Propbeta
939 4192 1057 4275 inquit:
1089 4195 1163 4259 aur
1214 4190 1284 4254 lieri
1319 4194 1517 4255 incurrionem
1546 4191 1578 4255 in
1609 4189 1807 4277 Eruitgelio.
1868 4190 2124 4256 Pharisaeorum
2159 4190 2197 4256 tit

218 4297 278 4342 eur
308 4287 476 4345 seruasset
503 4278 597 4345 nota
628 4298 754 4361 semen,
788 4284 873 4362 socii
904 4297 1049 4367 essetque
1080 4285 1164 4346 sicut
1213 4278 1358 4342 niaximc
1382 4280 1523 4356 intentio,
1552 4279 1628 4362 quia
1651 4280 1921 4350 ‹louiinabantur,
1951 4290 1984 4342 et
2007 4288 2103 4343 erum
2124 4274 2196 4360 plu·

182 4360 328 4429 Sodoma.
1212 4365 1297 4428 rimi.
1342 4361 1447 4428 Erant
1462 4362 1614 4428 bouiiues
1633 4368 1821 4448 sapientes:
1845 4361 2075 4450 intelligebant
2085 4360 2197 4448 legem

270 4447 470 4514 Conclusio:
501 4452 589 4531 Erpa
622 4453 669 4515 toi
700 4459 750 4514 est
781 4452 934 4516 Ecclesia.
1000 4446 1160 4514 Concedo
1214 4449 1357 4515 humano
1380 4472 1441 4515 seu
1464 4447 1697 4534 pbilosopliico
1716 4453 1848 4528 iudicio,
1871 4462 1906 4515 et
1928 4470 2030 4530 more,
2053 4461 2086 4515 et
2099 4451 2197 4536 rigidi

184 4554 262 4600 esse
283 4536 328 4600 ibi
355 4534 555 4601 Ecclesiam.
600 4535 688 4616 Eruo
719 4540 767 4601 tili
791 4547 868 4601 erint
900 4539 1063 4614 Ecclesia,
1094 4534 1161 4600 boc
1212 4549 1309 4601 erant
1338 4539 1371 4600 iu
1412 4539 1634 4602 observandis
1673 4540 1879 4602 ceionuoaiis.
1941 4537 2046 4602 Scitis
2085 4550 2197 4601 autem

183 4641 250 4685 nou
272 4623 431 4706 sequitur.
477 4620 558 4687 Plus
577 4634 629 4689 est
651 4624 682 4686 in
706 4620 940 4702 conclusione,
973 4642 1071 4708 quam
1100 4621 1160 4687 luit
1184 4593 1189 4703 Ι
1213 4641 1347 4706 seniper
1368 4644 1446 4688 esse
1469 4625 1707 4708 persuasiones
1737 4622 1840 4689 iblsas
1869 4625 1955 4687 inter
1983 4621 2134 4687 hominos
2153 4622 2196 4688 dc

268 2205 482 2291 Respondeo.
528 2205 738 2292 Quamquam
768 2206 1024 2271 dominabantur
1052 2202 1164 2271 Phari·
1185 2203 1192 2383 ἦ
1215 2204 1353 2266 utrinam
1381 2201 1486 2288 legis3
1525 2206 1590 2268 imo
1620 2202 1730 2291 legem
1757 2208 1863 2290 ipsam
1886 2217 2010 2269 tantum
2035 2203 2200 2271 intellirc-

86 4734 96 4747 ·
182 4708 215 4771 in
238 4707 443 4792 praemissis.
498 4712 547 4778 lot
577 4718 628 4776 est
647 4711 811 4785 Ecclesia,
844 4708 974 4774 seilicet
1013 4729 1079 4772 oon
1112 4707 1161 4773 ia·
1214 4712 1430 4786 corcuiouiis,
1465 4713 1539 4796 quia
1563 4708 1670 4793 pluris
1694 4707 1818 4774 ineiinn
1841 4712 2061 4788 ceremonias,
2096 4727 2196 4794 quani

183 4794 302 4859 ciendo
324 4789 489 4860 fallaciam
512 4816 574 4878 por
596 4796 868 4880 compositionem
898 4808 931 4860 et
952 4796 1161 4873 diuisionem,
1194 4792 1281 4859 ⁴ulla
1314 4794 1380 4859 alia
1408 4817 1520 4881 opera.
1577 4794 1763 4861 Sacriiiculi
1792 4796 1892 4860 hodic
1928 4795 2034 4880 pluris
2070 4791 2197 4861 iaciunt

183 4881 244 4945 sed
278 4879 483 4966 seiungenilo
512 4884 719 4960 Simeonem,
762 4879 919 4961 blasiani,
952 4878 1160 4962 Zachariam,
1212 4878 1388 4946 lectionem
1413 4904 1494 4946 suae
1513 4883 1656 4962 Missae,
1686 4903 1784 4968 quam
1815 4885 2006 4946 universum
2034 4879 2195 4968 reliquam
2292 4939 2300 4949 .

181 4963 375 5043 Elizabetb,
405 4967 547 5047 Annam,
576 4966 782 5053 Alpbaeuni,
812 4966 1012 5053 Cleopbam,
1038 4969 1082 5032 ab
1105 4965 1162 5032 illa
1213 4969 1454 5049 obedientiam,
1483 4982 1516 5034 et
1548 4968 1672 5035 babent
1703 4969 1790 5034 banc
1812 4969 2076 5053 persuasionem,
2104 4967 2196 5053 quod

181 5049 386 5118 multitudine
420 5051 693 5132 Pharisaeorum,
731 5053 1022 5135 Sadducaeorum,
1056 5054 1159 5120 llero·
1212 5051 1299 5119 lecta
1321 5054 1447 5133 blissa,
1479 5058 1589 5120 omnia
1611 5069 1751 5139 peccata
1781 5056 2000 5121 remittantur.
2045 5056 2093 5120 lta
2116 5065 2196 5121 tunc
2282 5056 2290 5068 “

181 5139 367 5218 diacorum,
391 5149 425 5204 et
446 5143 635 5228 quicunque
657 5139 744 5207 tales
757 5138 903 5208 luerunt.
942 5140 1163 5208 Considerate
1213 5161 1347 5230 quoquc
1368 5140 1541 5208 Pharisaei
1552 5145 1806 5232 exaggerabant
1829 5138 2195 5230 diguitatemoultuuni,

336 5244 484 5320 rumara.
499 5277 660 5321 ciuica
674 5278 742 5320 xxv.
1955 5261 2001 5312 Ἀ
