4620 5588
814 212 817 219 ·
840 169 1061 275 nosram
1079 185 1485 257 nmsnmomarta

365 384 421 476 lte,
438 381 598 448 ostendite
618 398 674 447 oor
690 381 922 447 rocodottbur.

241 549 384 617 Valetue
406 554 660 637 consequentia:

287 675 435 740 caretur
455 678 512 751 ott,
535 673 700 738 Ostendtte
720 691 776 738 ons
796 672 1035 738 soendotibue:

284 763 371 841 Erpa
393 757 545 831 Ceratas
562 765 725 843 moeotpit
746 755 1006 841 confasionem?
1063 849 1065 853 v

241 896 356 964 Simile
378 907 432 962 est
452 891 536 961 iilud
560 895 818 986 Argumentumz
874 921 877 924 ⁴

284 1020 471 1085 Mandatum
494 1019 558 1082 liet
577 1027 637 1095 ert,
660 1027 697 1082 ιιι
713 1019 887 1083 Sodomam
907 1016 1104 1096 sanctificus

283 1107 371 1185 arao
392 1104 546 1197 debemus
566 1107 772 1185 sanctificare
792 1106 879 1169 diens
899 1105 1103 1170 annaeum

241 1240 356 1307 Conse
380 1241 494 1306 nentia
516 1236 622 1319 vaiet,
650 1241 764 1326 quoad
785 1258 910 1327 genus,
937 1258 1005 1305 non
1027 1238 1139 1325 quoad

128 1328 315 1416 ‚speciem
348 1263 538 1413 ripplica‘tio
561 1326 598 1390 fit
619 1340 712 1391 recte
732 1328 766 1391 iu
789 1345 929 1413 genere3
952 1326 1028 1411 quia
1050 1346 1140 1391 man·

155 1416 213 1485 dat
233 1414 302 1480 boc
323 1413 398 1499 ipso
421 1412 510 1478 dicto
534 1410 701 1492 Christus,
730 1423 766 1479 ut
788 1432 903 1479 aarum
925 1413 969 1477 ad
993 1411 1152 1478 ministe·

153 1502 256 1581 rium,
288 1500 376 1565 sicut
408 1501 442 1565 in
480 1499 696 1586 praecedenti
728 1500 890 1563 concione
922 1499 1047 1564 dictum
1075 1508 1139 1578 est,

154 1587 245 1675 quod
272 1588 408 1652 saucius
440 1580 498 1651 iile
520 1586 650 1652 ducitur
680 1586 714 1651 ln
751 1586 988 1662 diversorium3
1021 1595 1139 1671 estque

1176 350 1295 456 ἐοίιὶε,
1316 379 1407 464 quod
1427 374 1487 442 illo
1508 378 1697 443 testimonio
1719 398 1802 444 usus
1825 379 1870 443 sit
1888 378 2011 445 Petrus
2031 377 2183 448 Alexan·
2280 422 2287 427 -

1189 465 1318 543 danus,
1351 476 1471 530 contra
1493 461 1679 540 llieletiurn,
1711 466 1768 552 qui
1789 476 1947 530 senserat
1969 463 2087 550 lapsos
2102 469 2183 535 non

1190 570 1269 616 esse
1289 551 1358 616 reci
1383 549 1514 629 iendos,
1537 563 1573 616 ιιι
1596 548 1784 630 adulteros,
1813 548 1869 616 vel
1897 553 1954 639 qai
1982 553 2015 617 in
2044 553 2182 619 conlea-

1190 639 1285 702 sione
1317 573 1521 702 deiecerant.
1576 636 1649 703 linc
1682 647 1801 703 tetrum
1836 635 1988 704 delirium
2022 636 2182 709 bleletiua

1191 723 1294 789 movit
1325 723 1359 787 in
1392 721 1622 787 Alexandrina
1651 719 1824 804 Ecclesia,
1862 736 1896 789 et
1930 734 2068 793 secutae
2100 737 2183 795 sunt

1191 809 1268 873 inde
1289 829 1434 895 magnae
1456 808 1636 887 lectiones,
1660 820 1695 873 ct
1716 809 1965 894 dissipationes.
2004 809 2092 876 Huic
2109 812 2181 880 bio·

1191 890 1263 960 litio
1297 896 1489 981 opponebat
1517 895 1636 961 Petras
1664 892 1914 961 Alexandrinus
1947 899 2182 968 auctoritatem

1193 980 1402 1065 scripturae:
1426 985 1464 1048 st
1473 985 1561 1048 cotiit
1577 980 1692 1065 frater
1712 992 1787 1049 tatas
1797 990 1927 1068 septies,
1949 983 2013 1048 etc,
2047 981 2181 1057 Deinde

1193 1069 1291 1135 etiam
1321 1066 1475 1153 exempla
1507 1067 1628 1154 prioris
1651 1066 1844 1148 Ecclesiae,
1877 1090 1964 1156 quaa
1993 1070 2181 1158 recepisset

1191 1150 1321 1238 lapsos,
1344 1166 1381 1219 ut
1399 1151 1523 1219 Paulas
1546 1155 1680 1238 recepit
1693 1152 1919 1228 Corinthium,
1953 1168 1988 1222 at
2009 1154 2179 1227 lohannes

1191 1240 1345 1306 invenem
1378 1242 1560 1323 quendam,
1594 1238 1791 1326 discipulam
1809 1261 1926 1321 suum,
1960 1242 2015 1330 qni
2037 1261 2077 1308 se
2099 1263 2179 1311 con·

1191 1328 1317 1392 iecerat
1338 1328 1373 1392 iu
1400 1325 1523 1393 malam
1545 1325 1752 1407 sodalitium,
1808 1347 1884 1395 uem
1916 1348 1992 1395 cunr
2025 1327 2099 1414 ipse
2126 1328 2177 1396 lo-

1191 1412 1321 1479 hannes
1342 1414 1538 1493 accederet,
1567 1426 1601 1481 et
1627 1436 1648 1481 a
1670 1426 1769 1480 coetu
1822 1427 1954 1480 tronum
1982 1415 2179 1498 abduceret,

1192 1519 1377 1565 conversus
1399 1513 1463 1579 est,
1486 1511 1520 1565 et
1541 1502 1662 1567 mansit
1681 1511 1802 1585 postea
1823 1501 1857 1567 in
1879 1496 2003 1571 allicio.

1278 1584 1331 1650 iii.
1355 1586 1464 1652 Habet
1486 1587 1585 1652 etiarn
1606 1585 1693 1652 banc
1721 1585 1894 1653 utilitatem
1918 1588 2048 1673 private
2075 1589 2176 1654 abac·

27 1696 29 1699 ·
154 1674 292 1740 immina
323 1669 480 1747 voluntas
516 1670 599 1751 Dei,
633 1683 670 1737 ut
704 1691 905 1758 quaeramus
938 1668 1137 1750 Ecclesiam,
1190 1668 1284 1751 lutio,
1298 1672 1395 1758 ‘qaod
1423 1673 1602 1759 praecipue
1629 1669 1824 1738 consolatur
1855 1683 1889 1738 at
1922 1675 2020 1758 erigit
2047 1681 2177 1742 mentes

153 1781 222 1826 uon
255 1770 293 1826 ut
327 1757 496 1835 Monachi,
529 1756 585 1822 vel
618 1755 801 1839 Eremitae,
834 1762 956 1840 huffen
984 1766 1028 1824 tot
1055 1759 1143 1824 tenid
1190 1756 1462 1844 perterrefacias·
1517 1755 1578 1823 ille
1613 1761 1670 1846 qui
1708 1761 1800 1825 audit
1834 1756 2097 1826 consolationem
2133 1783 2175 1829 ex

155 1850 297 1929 motor,
319 1849 446 1912 ricbten
468 1847 592 1910 andere
612 1847 710 1926 dinae
731 1866 783 1912 ao.
836 1844 905 1909 Sed
930 1855 966 1909 ut
986 1857 1139 1909 tueamur

155 1930 1139 2105 iiiit‘l’simnt,liiisizitilillsitil

156 2115 224 2173 tum
242 2119 448 2170 vocatorum.
833 2112 835 2116 '

241 2189 348 2256 liecte
373 2189 473 2274 igitar
501 2185 539 2252 fit
561 2184 739 2273 applicatio
771 2187 869 2255 baius
897 2188 1082 2274 argumenti
1105 2187 1138 2252 in

153 2295 295 2428 ponere,
329 2277 390 2343 sed
412 2294 480 2340 nnn
502 2270 591 2339 valet
613 2275 655 2340 de
675 2276 807 2361 specie,
827 2286 865 2340 ut
886 2275 1011 2340 dicam:
1045 2272 1137 2380 Erpn

190 2365 261 2430 cies
283 2361 563 2429 enumerationem
584 2373 809 2444 peccatorum.
843 2358 958 2426 Genus
971 2372 1137 2447 congruit,

155 2446 210 2516 vei
230 2446 408 2599 applicatio
429 2447 463 2511 in
498 2465 624 2535 genere
646 2446 751 2525 valet3
779 2447 842 2513 scd
874 2445 1000 2532 speciei
1034 2443 1138 2532 appli-

153 2535 242 2603 catio
278 2531 352 2601 ulau
374 2543 438 2613 est,
465 2542 500 2599 et
527 2552 595 2598 non
617 2530 715 2599 valet.
761 2531 804 2598 in
831 2534 1049 2599 observemus
1071 2531 1136 2598 boc

151 2621 187 2689 ln
208 2643 230 2689 a
253 2619 491 2708 plicationibus
513 2629 669 2705 typorum
687 2617 930 2687 Mosaicorum:
958 2616 1065 2684 Multa
1086 2619 1137 2684 sic

152 2706 240 2777 sulm
262 2717 422 2795 possunt,
454 2705 510 2771 ubi
531 2703 711 2791 applicatio
732 2703 824 2779 valet
844 2706 878 2771 in
901 2724 1043 2792 genere,
1073 2704 1136 2770 aed

151 2816 220 2863 nou
242 2794 353 2883 quoad
379 2789 470 2859 iilam
497 2792 655 2878 speciem.
703 2791 808 2861 lubet·
825 2804 937 2858 autem
966 2787 1134 2872 Christus,

150 2894 189 2952 ut
211 2902 251 2948 se
272 2879 450 2947 ostendant
474 2878 658 2946 mandati:
685 2877 710 2943 i.
752 2880 808 2945 uia
827 2875 910 2944 nibil
931 2876 1004 2945 vult
1025 2879 1134 2944 adem·

151 2979 244 3055 ptam
265 2967 329 3034 iuri
349 2964 573 3033 sacerdotum.
618 2963 695 3031 Non
717 2900 831 3032 ululet
852 2963 923 3046 illa,
948 2985 1034 3052 quae
1057 2974 1134 3031 sunt

151 3055 333 3123 constituta
365 3074 387 3118 a
419 3050 511 3132 neo,
539 3053 583 3117 ad
621 3053 853 3119 auctoritatem
886 3063 922 3118 et
955 3070 1135 3118 consana-

149 3142 273 3212 nonam
294 3138 464 3206 ministerii
484 3139 651 3206 tuendam.
684 3136 723 3206 ll.
743 3151 782 3205 ut
803 3137 1001 3204 sacerdotes
1017 3148 1133 3204 essem

148 3236 255 3299 testes
276 3245 414 3295 suorum
443 3245 592 3310 operam·
649 3226 722 3293 [lad
753 3232 803 3294 tie
822 3229 926 3293 mtten
952 3227 1019 3292 ihm
1050 3225 1134 3291 ont

11 3361 15 3366 ι
149 3316 212 3382 dos
230 3332 374 3396 uuonan
402 3315 506 3462 peden
526 3313 649 3390 bodera
680 3313 771 3398 quod
792 3313 867 3397 ipse
887 3331 966 3387 esse
985 3309 1133 3377 Messias

276 3421 294 3464 s
319 3421 349 3465 s·

148 3401 581 3572 iicolllsieuapudiuooeoe
630 3486 696 3549 uod
719 3484 801 3550 certi
823 3485 950 3549 reditus
973 3494 1067 3548 erant
1089 3483 1132 3547 de

149 3574 302 3638 omnibns
335 3574 438 3636 rebus
471 3567 626 3637 solvendi
654 3571 903 3637 sacerdotibus.
963 3567 1038 3636 linc
1071 3566 1133 3635 init

147 3651 1129 3827 ιιιιειιιιιιιιιιι,ιιιιιιιιι

148 3830 193 3895 ad
225 3831 336 3897 narnia
367 3843 534 3917 tempora,
567 3830 656 3916 quod
677 3830 774 3917 mittit
806 3849 870 3896 nas
891 3825 980 3893 iilius
1002 3826 1067 3893 Dei
1088 3829 1132 3893 ud

149 3917 348 3984 audiendam
369 3936 489 3983 vocam
511 3916 699 3989 ministerii,
732 3917 776 3983 ad
809 3934 905 3983 usum
933 3915 1131 3982 Sacramen-

148 4000 617 4083 summasunmna.
706 4027 709 4032 “
1015 4008 1021 4020 “

135 4331 235 4463 κ(ιιιι
263 4334 498 4421 retinendus
535 4348 599 4418 eat
628 4334 727 4418 fibra
758 4332 1020 4418 absolutionis
1049 4333 1133 4449 pri·

420 4501 543 4574 natae
580 4489 622 4573 in
653 4488 858 4577 Ecclesia?

236 4689 262 4756 l.
284 4691 372 4767 Quia
391 4708 480 4757 voca
509 4689 620 4757 delun
647 4699 701 4756 est
726 4688 923 4757 couiirmata
950 4686 1131 4770 absolutio,

147 4778 224 4845 sive
240 4778 369 4864 privata
388 4777 463 4843 sive
482 4773 628 4862 publica.
683 4778 823 4856 Ononsm
844 4781 1037 4845 remiseritis
1057 4797 1132 4861 pec·

147 4874 244 4934 catu:
264 4862 300 4932 id
323 4883 439 4930 verum
459 4863 601 4929 estsine
623 4865 787 4942 omnibus,
809 4860 1005 4948 sivemuitia
1021 4861 1132 4943 simui,

147 4953 224 5019 sive
246 4947 388 5102 sinppi‘n
409 4949 622 5016 emundatur
642 4948 736 5015 Evan
783 4946 873 5054 lium.

234 5034 277 5103 ii.
329 5047 344 5101 t
373 5045 508 5103 maneat
528 5032 659 5102 iiiutra
680 5047 922 5114 tesmonium,
956 5033 1046 5122 quod
1072 5055 1132 5101 au·

148 5123 331 5225 nundmda
363 5121 408 5188 rit
438 5121 593 5189 ramisaic
625 5133 840 5212 pacaturam
871 5118 998 5209 inpono
1035 5121 1131 5190 Sicut

1191 1844 1352 1924 ministro,
1386 1846 1476 1910 scire
1509 1846 1626 1925 debet,
1660 1846 1752 1931 quod
1786 1848 1859 1911 eius
1892 1866 1959 1911 vox
1987 1865 2055 1910 non
2077 1844 2175 1913 aliter

1190 1926 1318 2009 valeat,
1353 1932 1504 2016 quamsi
1539 1942 1632 1997 esset
1654 1933 1697 1995 de
1720 1930 1832 1996 coelo:
1868 1943 1903 1997 ut
1925 1929 2035 1996 David
2070 1934 2176 2001 credit

1190 2018 1267 2082 voci
1286 2015 1487 2102 Prophetae:
1510 2019 1648 2084 Abstulit
1672 2021 1827 2084 Desitiates
1845 2026 2012 2102 peccaturo
2033 2028 2130 2087 taam

1276 2101 1333 2167 lV.
1362 2103 1541 2169 Praeterea
1581 2105 1703 2188 erudiri
1742 2117 1884 2189 possunt
1924 2105 2076 2169 rudiores
2109 2103 2177 2173 hac

1190 2191 1370 2256 occasione
1404 2190 1436 2254 in
1476 2186 1700 2255 fundamentis
1742 2192 1915 2255 doctrinae
1954 2188 2173 2258 Christianae.

1188 2274 1260 2340 Nec
1284 2276 1462 2341 reiicienda
1485 2286 1538 2341 est
1560 2272 1730 2341 confessio
1754 2275 1935 2363 generalis,
1958 2287 1994 2342 ut
2016 2295 2118 2362 saepe
2139 2278 2173 2343 iu

1189 2359 1307 2428 bibitis
1343 2363 1477 2427 diction
1516 2365 1658 2448 Populus
1694 2366 1906 2444 confitebatur
1935 2372 2070 2446 peccota
2100 2384 2171 2431 aas

1189 2446 1360 2515 Debemus
1383 2469 1403 2513 a
1429 2467 1734 2514 noscerenosesse
1758 2469 1848 2529 rens,
1866 2469 1929 2514 nos
1952 2445 2053 2533 plecti
2073 2448 2172 2516 ius'te.

1188 2533 1262 2599 iioc
1284 2531 1392 2599 facien
1418 2555 1471 2598 nm
1494 2545 1547 2601 est
1568 2535 1716 2620 quotidie
1749 2554 1861 2600 comm
1883 2532 1979 2616 Deo,
2011 2546 2046 2601 et
2073 2537 2173 2605 adam

1189 2640 1303 2687 eoram
1331 2617 1504 2700 Ecclesia,
1538 2642 1613 2687 cum
1641 2621 1763 2726 petitur
1790 2618 1980 2703 absolutio,
2012 2620 2173 2689 debemus

1188 2709 1355 2776 accedere
1377 2729 1453 2774 cum
1475 2705 1719 2794 significatione
1741 2704 1879 2773 doloris.

1273 2794 1332 2862 Sic
1354 2793 1455 2880 igitur
1471 2805 1671 2860 mementote
1695 2793 1764 2860 boc
1786 2794 1895 2861 dicto:
1918 2797 1983 2878 lie,
2014 2795 2173 2863 octonorio
2231 2819 2233 2824 ·

1186 2899 1243 2947 noa
1263 2880 1506 2948 sandalibus:
1527 2899 1591 2946 noa
1613 2879 1696 2945 mitti
1719 2880 1763 2951 ad
1774 2880 2003 2959 ministerium,
2025 2893 2060 2946 et
2076 2901 2170 2966 prae·
2187 2916 2201 2931 1·

1187 2967 1252 3053 cipi
1273 2967 1392 3045 nubis,
1423 2978 1461 3034 nt
1482 2986 1708 3054 aggregemus
1741 2986 1806 3032 nns
1840 2967 1883 3031 ad
1910 2977 2044 3035 coetum
2071 2987 2171 3035 voca·

1183 3064 1312 3133 torum,
1346 3072 1415 3119 nnn
1449 3054 1686 3143 disiungamus,
1720 3055 1782 3119 sed
1816 3065 1966 3121 tueamur
1998 3054 2171 3121 consocia·
2253 3056 2256 3061 ’

1173 3141 1306 3237 'tionem
1327 3136 1513 3208 Ecclesiae.
1626 3235 1635 3242 ο

432 3398 506 3464 auci
535 3396 603 3465 boc
624 3395 786 3464 iaceant.
841 3396 917 3463 linit
933 3408 1044 3463 autem
1064 3395 1133 3461 boo
1198 3411 1200 3414 ⁴

1258 3467 1500 3557 Deiectio
1538 3501 1719 3556 novem
1757 3473 2086 3584 ingratorum

1270 3654 1367 3729 Quod
1400 3675 1520 3721 novem
1554 3656 1636 3722 liunt
1669 3656 1808 3743 ingrati,
1842 3655 1897 3740 qui
1930 3667 2010 3719 sunt
2036 3653 2187 3735 ludaeia-

1182 3754 1294 3807 monet
1326 3761 1391 3824 nos
1424 3741 1467 3807 de
1501 3742 1590 3808 dicto
1623 3739 1798 3807 lobannis:
1832 3746 1872 3807 ia
1901 3741 2038 3826 propris
2072 3747 2168 3824 ιιιιιι,

1182 3837 1215 3896 ei
1242 3833 1295 3894 sati
1321 3847 1392 3894 eum
1424 3848 1489 3895 non
1520 3837 1720 3913 recepimus.
1775 3826 1864 3903 item,
1897 3828 1988 3913 quod
2021 3827 2166 3892 Samari·

1183 3926 1282 3980 tanus
1304 3935 1393 3980 unus
1415 3912 1471 3979 hic
1492 3926 1620 3994 gratam
1643 3935 1682 3978 se
1700 3925 1849 3997 praestat
1867 3934 2053 3993 monemur,
2076 3913 2168 4001 quod

1183 4000 1279 4067 Deus
1308 4000 1371 4067 sibi
1406 3997 1543 4089 colligat
1569 3999 1759 4068 Ecclesiam
1786 4021 1829 4064 ex
1859 3999 1961 4065 iniina
1988 3996 2086 4066 iaeoe
2106 3997 2167 4065 bo·

1181 4088 1317 4153 minum.
1373 4085 1408 4152 ln
1443 4083 1610 4154 Parabola
1642 4088 1685 4153 ‹ia
1719 4105 1828 4153 coena
1861 4106 2003 4174 magna,
2035 4085 2167 4154 invitati

1182 4193 1250 4238 non
1272 4172 1409 4278 veniunt
1429 4176 1473 4280 pd
1496 4176 1703 4280 cpnvivium:
1725 4173 1935 4238 adducuntur
1953 4191 2037 4260 ergo
2059 4173 2167 4255 caeci,

1182 4259 2168 4433 &ailisistittitttttigl‘tlrltt,

1082 4493 1086 4504 ,
1184 4433 1397 4498 emendemus
1419 4452 1483 4498 nos
1505 4445 1643 4517 propter
1665 4429 1806 4520 glorium
1829 4430 1912 4513 Dei,
1946 4443 1982 4497 et
2003 4431 2167 4498 honorem

1156 4515 1373 4613 ,Evangeliit
1405 4521 1613 4606 cogitemus,
1652 4538 1731 4585 esse
1763 4538 1919 4606 magnum
1957 4516 2166 4590 beneficium,

1072 4629 1074 4633 ’
1183 4606 1274 4756 paud
1312 4605 1464 4672 andimus
1502 4603 1594 4671 iliam
1626 4625 1744 4671 vocem
1776 4603 1970 4693 Evangelii,
2024 4624 2069 4671 ua
2101 4602 2168 4671 sibi
2247 4657 2262 4670 .

1218 4711 1279 4758 eus
1312 4689 1440 4778 colligit
1471 4702 1642 4758 aeternam
1663 4688 1868 4770 Ecclesiam,
1896 4690 1987 4779 quod
2043 4708 2104 4757 eus
2125 4707 2168 4757 aa

1183 4778 1280 4843 nubis
1302 4776 1476 4864 pateiuelt,
1505 4790 1539 4843 et
1564 4776 1653 4845 ultro
1676 4776 1774 4850 oliert
1800 4797 1882 4844 suaa
1904 4777 2167 4862 promissionnes

1183 4865 1402 4930 ostendamus
1423 4884 1487 4932 nos
1502 4864 1600 4931 etiam
1621 4865 1650 4929 si
1698 4863 1897 4930 iiicationcm
1919 4861 2065 4950 aliquam
2087 4884 2166 4953 gra·
2196 4862 2198 4867 ’

1182 4949 1348 5029 titudinis,
1381 4969 1449 5017 nou
1482 4951 1528 5017 lta
1556 4947 1645 5018 uii'en
1721 4957 1764 5015 ‘s
1785 4949 1912 5029 Deum,
1944 4969 2013 5016 non
2041 4951 2165 5018 contri·

1181 5049 1310 5103 stemus
1339 5035 1497 5123 Spiritum
1529 5048 1693 5107 sancum.
1748 5036 1815 5107 Dit
1841 5041 1945 5106 Ιιιιιιι
1969 5039 2050 5106 etttb
2079 5040 2167 5111 nich

1176 5132 1294 5208 ΜΨ
1311 5131 1395 5192 ⁸0¹⁸·
