4620 5588
160 196 224 315 tu
794 242 907 312 rau.
928 240 1034 311 nau.
1057 232 1242 311 scelera
1267 224 1535 310 armarunt.
1966 181 1971 193 ⁸
2111 238 2177 317 ιιι

158 457 263 511 unam
284 456 435 502 mensam
462 436 734 515 accumbebant,
762 455 827 502 non
858 434 1040 513 sedebant,
1072 435 1144 500 sicu
1194 455 1282 521 qnae
1314 434 1381 499 sint
1415 434 1648 512 convenientia
1680 444 1830 502 naturae.
1884 433 2065 504 Praeterea
2097 435 2178 507 tilae

159 540 240 588 nos:
269 524 348 608 quia
376 518 534 588 volebant
560 522 744 607 quiescere.
797 518 893 586 Soliti
925 533 1004 587 sunt
1032 532 1142 587 autem
1195 516 1349 593 mulieres
1373 532 1470 586 erant
1502 521 1667 587 medicae:
1700 521 1810 591 attulit
1833 525 1933 612 igitur
1965 521 2083 592 mulier
2111 527 2176 592 iste

159 605 264 673 semei
285 618 411 674 tantum
433 608 580 694 quotidie
601 610 645 675 ad
665 628 815 675 mensam
833 608 1046 688 accumbere,
1067 618 1143 695 post
1193 603 1494 695 fragrantissimum
1516 618 1729 693 unguentum.

156 694 340 773 meridiem,
362 695 453 760 circa
473 695 614 761 tertiam.
658 692 751 760 ilaec
772 691 834 759 fuit
854 714 960 760 coena
983 705 1141 760 veterum.
1280 691 1494 758 Alabastrum
1525 706 1577 758 est
1598 694 1696 781 pyxis
1719 716 1760 761 ex
1782 716 1947 763 marmore
1970 695 2175 763 alabastrite.

158 778 360 886 Plerumque
392 797 461 846 tres
490 783 730 861 accubuerunt,
752 779 808 868 qui
829 781 979 847 suaviter
998 782 1081 847 inter
1103 800 1141 846 se
1193 776 1341 845 Marmor
1362 776 1574 845 alabastrites
1596 781 1646 846 sic
1668 794 1826 863 vocatur,
1859 785 1937 869 qnia
1964 804 2007 849 ex
2030 803 2072 849 eo
2094 781 2177 850 fiunt

159 865 316 935 collocuti
345 878 433 933 sunt.
477 866 556 933 ideo
579 869 702 933 dictum
725 876 791 933 est:
839 870 920 934 Tres
947 875 1142 935 conuictum:
1173 862 1385 931 ·Aiabastra.
1431 864 1527 931 Unde
1548 867 1669 932 dicitur
1684 870 1910 937 reintrant
1933 871 2012 957 quia
2032 881 2086 936 est
2105 877 2178 937 eine

157 958 276 1023 Nucem
297 960 479 1021 concinam.
511 953 548 1018 ln
572 956 683 1020 scenis
706 954 795 1041 apud
815 952 1018 1034 Terentium,
1039 955 1141 1021 babe-
1165 1017 1170 1057 Ι
1193 973 1286 1031 ama,
1308 949 1376 1016 ἄνευ
1399 955 1510 1036 initiis:
1536 950 1603 1031 vel,
1632 955 1709 1039 quia
1731 968 1784 1021 est
1805 952 1969 1048 glabrum,
1998 959 2060 1024 das
2080 974 2179 1024 mam

156 1041 199 1107 tis
231 1037 428 1127 plerumque
462 1040 543 1105 duas
573 1038 629 1107 vel
661 1051 731 1107 tres
763 1061 945 1127 personas,
977 1042 1142 1107 interdum
1193 1042 1285 1106 nuit
1301 1044 1364 1105 toci
1382 1043 1492 1105 holten
1512 1044 1618 1106 kann:
1641 1040 1759 1126 quales
1777 1054 1854 1107 sunt
1871 1045 2013 1131 pyxides
2029 1044 2062 1108 in
2075 1042 2177 1108 Phar·

155 1123 256 1212 paulo
278 1125 404 1210 piures,
428 1118 514 1214 duae
537 1123 785 1213 colloquuntur.
829 1124 942 1194 Trium
965 1138 1017 1194 est
1040 1124 1132 1194 colio
1193 1123 1399 1210 macopoliis.
1433 1125 1511 1191 Non
1533 1124 1760 1213 agglutinatur
1780 1129 1899 1195 humor
1921 1132 1953 1196 in
1976 1126 2098 1197 talibus
2121 1153 2176 1195 va·

156 1215 278 1299 quium.
322 1211 388 1279 Ubi
411 1214 478 1279 duo
495 1225 591 1294 sunt,
612 1210 728 1280 nuilus
750 1226 802 1280 est
825 1235 956 1280 censor.
1002 1214 1141 1300 Oportet
1193 1209 1311 1290 sculis,
1345 1234 1380 1279 es
1401 1212 1490 1279 elect
1509 1217 1615 1280 ntcdts
1636 1217 1730 1280 dran·
1776 1221 1825 1283 ist
1841 1223 1913 1299 sein
1934 1219 2087 1299 reinitclr,
2114 1220 2177 1283 dae

154 1311 267 1366 autem
289 1319 367 1365 esse
387 1299 531 1378 tertium,
554 1312 721 1387 tamquam
743 1320 932 1382 censorem,
954 1298 1008 1367 vei
1029 1301 1141 1367 mode·
1188 1306 1317 1382 panem
1346 1318 1510 1366 marmor:
1539 1303 1600 1366 das
1628 1320 1705 1366 rncn
1725 1323 1767 1368 sn
1788 1305 1980 1387 Saitsbnrplr
1998 1307 2088 1386 findt,
2123 1314 2176 1367 est

155 1397 313 1464 ratorem‚
336 1384 516 1469 dycrodtmr.
827 1447 832 1458 ,
1192 1383 1429 1451 Alabastrites.
1463 1382 1590 1451 Plinius
1612 1388 1730 1453 scribit
1750 1387 1889 1455 muitum
1907 1392 1978 1455 eius
2001 1392 2176 1455 marmoris

240 1470 360 1537 Mensa
381 1471 444 1539 fuit
466 1494 508 1538 ex
531 1493 598 1540 una
618 1483 715 1559 parte
736 1494 857 1554 vacua,
877 1486 914 1539 ιιι
940 1474 1059 1558 posset
1088 1494 1140 1538 ac·
1193 1491 1235 1536 ex
1268 1471 1446 1536 Germania
1483 1472 1653 1560 importari
1691 1474 1725 1539 in
1758 1474 1896 1540 italiam.
1956 1475 2179 1542 Nominarunt

155 1560 278 1625 cedere
300 1559 449 1624 minister
477 1579 651 1644 apponens
681 1560 790 1626 cibum
818 1569 852 1625 et
875 1573 1002 1647 potum.
1045 1560 1139 1647 Ergo
1192 1560 1290 1624 etiam
1317 1560 1528 1642 onychinum,
1563 1558 1733 1625 acciore.
1777 1564 1923 1628 Marmor
1955 1562 2065 1628 andei
2097 1587 2175 1649 μαρ-
2243 1574 2247 1585 ·

154 1642 273 1711 mulier
301 1646 369 1711 ista
394 1646 519 1710 adstitit
547 1645 590 1711 ad
617 1643 793 1727 lectulum,
827 1658 860 1713 et
893 1648 1002 1735 attigit
1033 1649 1138 1733 pedes
1190 1654 1302 1730 μαίρω,
1323 1646 1486 1727 epieruieo.
1530 1645 1611 1711 inde
1633 1658 1685 1713 est
1707 1645 1867 1727 Marmor,
1897 1656 1950 1715 etn
1971 1655 2084 1715 rainer
2104 1651 2176 1715 aab

154 1732 237 1797 eius.
292 1731 330 1797 iti
362 1732 480 1797 mirum
521 1733 626 1799 videri
666 1735 773 1816 potuit
805 1735 1009 1800 Pharisaeis.
1063 1733 1140 1800 Fuit
1191 1733 1269 1798 tr'ter
1285 1733 1496 1812 messender
1510 1738 1607 1798 stein.

155 1816 310 1885 Christus
333 1819 381 1882 vit
401 1818 530 1884 iuvenis
553 1829 587 1884 et
613 1816 769 1924 pulcher,
792 1841 898 1906 agens
925 1842 1048 1886 annum
1077 1821 1138 1886 cir·
1277 1815 1411 1889 Quanta
1432 1837 1560 1883 summa
1589 1829 1641 1883 est
1663 1818 1882 1886 Denariorum
1905 1821 1991 1890 500?
2021 1821 2177 1885 denarius

156 1906 239 1969 citer
260 1905 314 1970 31.
357 1903 428 1969 ista
449 1915 558 1970 autem
581 1901 642 1972 furt
664 1927 706 1971 ex
727 1902 920 1972 mulieribus
942 1906 1093 1973 famosis.
1189 1915 1242 1968 est
1274 1900 1345 1969 iere
1378 1911 1429 1970 ein
1455 1904 1757 1990 scitnecitenberper.
1801 1906 1970 1975 Donatius
2003 1906 2176 1973 Romanus

241 1991 329 2064 Quid
358 1988 526 2078 significat
553 1994 757 2059 diuturnum
782 1993 956 2076 nnpnentt‘i
1005 1991 1138 2081 Signiii·
1188 1989 1250 2056 fuit
1282 1989 1440 2055 drachma
1473 1993 1616 2078 argenti.
1660 1992 1734 2080 Ego
1757 1992 1971 2061 subtilitatem
1994 1990 2084 2058 iilam
2107 2013 2176 2060 nen

155 2092 208 2142 cat
230 2078 384 2164 pyxidem
407 2079 576 2163 unguenti,
599 2080 650 2146 ein
673 2079 800 2151 nense,
823 2083 867 2146 dn
886 2082 1034 2147 mendic
1050 2084 1137 2147 inst·
1190 2099 1284 2156 curo,
1305 2077 1396 2162 quod
1411 2074 1514 2163 aliqui
1529 2080 1709 2163 disputant,
1731 2077 1880 2146 defuisse
1896 2076 2084 2147 nummulos
2096 2093 2176 2145 tres.

153 2167 257 2230 tanen
278 2184 403 2230 wasser
430 2168 601 2247 einpetltan
628 2168 692 2232 bct.
738 2164 861 2232 iudaea
882 2166 1064 2232 abundavit
1086 2187 1137 2232 re·
1188 2160 1359 2229 Drachma
1381 2176 1434 2229 est
1454 2164 1475 2227 2
1498 2163 1645 2251 δρόγμδς,
1677 2167 1709 2230 id
1742 2178 1812 2246 est,
1844 2190 1865 2233 a
1887 2162 2065 2252 manipulo.
2110 2164 2177 2232 Eira

153 2252 217 2316 bus
241 2252 382 2334 optimis.
427 2249 521 2317 Deus
550 2272 618 2317 non
647 2248 750 2318 voluit
777 2273 855 2319 esse
882 2273 1005 2339 porcos
1032 2256 1066 2318 in
1087 2252 1137 2318 iu·
1188 2269 1282 2316 mans
1306 2250 1516 2336 pescbiopen,
1548 2252 1608 2316 irat
1638 2272 1731 2319 mons
1754 2255 1890 2322 'mussan
1921 2274 2035 2340 napea.
2086 2252 2177 2333 iiiina

154 2339 240 2404 daea
260 2348 397 2424 propter
418 2335 549 2403 hortos.
594 2337 658 2402 Ubi
686 2349 739 2403 est
761 2339 859 2424 copia
880 2360 1070 2425 porcorum,
1091 2340 1138 2405 ibi
1189 2348 1242 2403 est
1264 2336 1470 2414 Hebraeuu13
1491 2338 1659 2424 significat
1678 2340 1830 2425 pondus,
1862 2338 1919 2406 vel
1940 2339 2071 2406 libram:
2101 2341 2176 2422 μνᾶ,

152 2444 220 2490 non
254 2435 396 2509 possunt
429 2443 507 2490 esse
534 2422 634 2490 horti.
678 2423 755 2490 Non
786 2425 977 2492 babuerunt
1009 2436 1137 2492 tantum
1189 2427 1285 2489 mina.
1308 2424 1490 2489 Aimunacir
1513 2426 1687 2492 deducitur
1709 2448 1730 2490 a
1752 2447 1838 2493 voce
1859 2427 2017 2507 Marcei,
2044 2447 2177 2512 compu-

153 2506 177 2576 li
202 2530 331 2589 norum,
353 2521 389 2575 ut
409 2511 575 2576 munirent
595 2512 742 2598 sepibus
776 2510 886 2599 Ligna
908 2513 1055 2598 oportuit
1077 2531 1137 2579 eos
1190 2511 1281 2576 tatic.
1302 2508 1343 2573 10
1365 2508 1503 2575 Denarii
1524 2511 1651 2578 iaciunt
1674 2512 1718 2577 50
1741 2526 1931 2580 coronatos.

152 2530 273 2663 alem
295 2617 338 2664 ex
355 2595 496 2664 Libano.
540 2596 583 2662 Et
604 2598 742 2684 sepibus
764 2618 805 2663 ec
829 2601 937 2666 minus
956 2620 1042 2687 opus
1063 2596 1137 2680 suit,
1275 2595 1385 2682 Saepe
1414 2598 1525 2663 audivi
1554 2617 1597 2662 ex
1618 2597 1662 2663 D.
1691 2597 1858 2665 Lutherc:
1892 2600 2058 2686 quendam
2080 2596 2175 2664 lilon-

154 2685 233 2771 quia
254 2704 322 2750 non
343 2680 477 2748 inerunt
499 2694 565 2748 tum
588 2685 711 2750 usitata
733 2681 832 2750 furta.
1190 2680 1328 2761 achum,
1369 2702 1445 2748 cum
1477 2683 1614 2748 missam
1646 2681 1764 2774 legere
1796 2684 1916 2759 veliet,
1949 2686 2109 2752 incidisse
2142 2687 2177 2751 in

237 2769 275 2836 ln
304 2769 448 2835 Graecia
480 2765 541 2833 iuit
573 2767 672 2836 vaide
704 2767 843 2838 multum
875 2791 1071 2857 porcorum,
1103 2771 1139 2837 in
1190 2780 1266 2834 eum
1285 2765 1417 2848 locunt,
1439 2770 1496 2836 ubi
1520 2770 1640 2837 dicitur
1661 2773 1704 2836 de
1723 2774 1863 2857 quinque
1882 2774 1986 2840 mimi.
2028 2771 2075 2851 is,
2098 2772 2176 2857 quie
2275 2784 2279 2792 '

151 2853 248 2925 italia
269 2853 356 2942 plus.
380 2853 443 2922 Pol
468 2855 544 2921 blus
579 2856 696 2922 scribit
716 2854 846 2924 italiam
868 2858 1042 2924 abundare
1086 2877 1138 2923 or·
1189 2848 1393 2922 vocabulum
1427 2856 1457 2920 ei
1489 2868 1564 2921 erat
1595 2857 1780 2943 ignotum,
1796 2860 1976 2938 dubitavit,
2008 2859 2176 2946 quomodo

153 2944 215 3022 cis,
237 2955 269 3008 et
292 2940 374 3008 iliud
396 2943 430 3007 in
455 2962 474 3007 e
497 2942 663 3047 cpmmodi
686 2963 782 3026 esse,
810 2956 847 3012 ut
868 2945 1000 3050 possint
1020 2880 1139 3010 baGeri
1189 2939 1367 3029 legendum
1390 2950 1498 3006 esset:
1518 2943 1599 3007 dixit
1614 2945 1721 3050 primo
1739 2946 2000 3053 ptainpuennnas:
2021 2946 2083 3010 sed
2100 2948 2177 3031 quia

151 3026 753 3203 „titettttpttitttttntt
777 3030 1139 3205 institistis
1188 3025 2178 3207 ttttitii?“ta,it⁴i0t“ttt⁶ntttttn⁰ttdt3

119 3257 125 3271 ,
151 3216 232 3275 sunt
252 3202 363 3270 vicina
382 3197 550 3269 littoribus
572 3206 686 3286 maris,
708 3201 801 3278 multi
823 3216 904 3273 sunt
919 3225 961 3292 gr
1005 3225 1042 3271 es
1062 3226 1139 3291 por·
1190 3200 1281 3268 dedit
1303 3202 1335 3266 ei
1353 3203 1492 3287 quicque
1512 3204 1771 3272 semenator.

153 3314 281 3363 corum.
324 3288 399 3380 ligo
432 3289 545 3358 andivi
576 3311 673 3397 puer,
707 3293 750 3358 dc
778 3288 932 3359 Palatino
992 3292 1137 3359 riderico
1275 3285 1441 3374 Ἄφέωνιαί
1459 3310 1508 3353 σοι
1528 3287 1686 3377 ἁμαρτίαι.
1730 3280 1794 3356 iiic
1833 3290 1884 3357 dis
1907 3303 2036 3372 utatur,
2067 3302 2178 3357 utrum

151 3376 343 3458 Bellatore,
379 3378 469 3465 quod
502 3372 602 3444 luent
630 3378 838 3446 consuetudo
868 3375 978 3458 illius,
1005 3378 1140 3466 quando
1191 3373 1236 3440 sit
1252 3371 1463 3441 Coniunctivi
1483 3372 1541 3440 vel
1561 3375 1735 3463 indicativi
1752 3379 1852 3444 modi.
1943 3398 2056 3445 asmus
2080 3376 2179 3443 vertit

151 3466 260 3538 voluit
296 3462 420 3533 bellum
458 3485 612 3538 movere,
656 3465 803 3534 biennio*
833 3476 914 3531 ante
953 3467 1139 3532 venabatur
1191 3463 1227 3528 in
1260 3459 1498 3528 coniunctim:
1533 3462 1772 3530 Remittentur:
1804 3464 1975 3532 Guarinus
1998 3465 2076 3529 dicit
2098 3482 2178 3528 esse

152 3573 269 3643 apros,
292 3572 376 3640 quos
399 3551 594 3631 condiebat,
622 3561 656 3618 et
683 3553 761 3618 inde
788 3552 942 3619 homines
969 3552 1139 3620 coniectu·
1191 3548 1406 3700 praeteritum
1438 3545 1624 3633 perlectum
1646 3548 1819 3618 indicativi
1845 3553 1948 3619 modi.
2002 3551 2038 3616 in
2070 3551 2178 3633 prim·

72 3718 75 3723 ,
151 3663 224 3713 rant
245 3641 433 3719 sumebant,
455 3658 531 3705 eum
552 3633 676 3727 aliquid
690 3651 854 3706 moturum
867 3658 957 3719 esse,
979 3659 1054 3706 cum
1072 3657 1141 3705 non
1222 3632 1346 3721 pistoia
1374 3633 1532 3702 lobannis
1567 3636 1685 3722 capi
1719 3638 1818 3703 etiam
1850 3638 1994 3723 ponitur.
2048 3636 2179 3702 Dicitur

197 3728 308 3796 rderet
337 3726 529 3811 quotidiano
551 3746 632 3807 usu,
652 3724 778 3792 sicutfit
799 3726 834 3792 in
855 3723 959 3806 aulis,
981 3726 1041 3792 sed
1064 3745 1140 3792 con·
1193 3733 1304 3788 autem
1323 3719 1482 3806 decurrat,
1504 3742 1568 3810 pro
1585 3720 1736 3808 cipetum.
1780 3721 1950 3792 Guarintm
1971 3733 2064 3790 recte
2085 3723 2177 3801 dicit,

176 3819 240 3883 itas
262 3833 382 3881 carnes
405 3825 594 3897 reponeret.
648 3810 816 3878 Eumaeus
845 3812 933 3900 apud
960 3811 1143 3878 Homerum
1192 3804 1319 3874 lactum
1341 3827 1420 3873 esse
1441 3806 1545 3877 literis
1568 3804 1636 3875 iilis
1660 3806 1850 3890 dissolutis,
1870 3828 1950 3890 sen,
1978 3808 2068 3875 iacta
2090 3809 2178 3874 diue·

153 3903 188 3970 in
221 3921 288 3967 uno
321 3894 454 3964 stabulo
484 3896 550 3965 300
579 3919 705 3985 porcos
726 3896 843 3967 itabet:
877 3910 910 3965 et
940 3897 1001 3965 fuit
1031 3908 1142 3965 umen
1193 3894 1262 3961 resi
1295 3917 1323 3959 ει
1354 3894 1388 3959 in
1418 3917 1470 3960 εω.
1525 3893 1610 3962 (ium
1643 3910 1796 3964 essemus
1828 3896 2047 3975 Wormatiae,
2080 3895 2179 3961 etiam

150 4008 260 4077 parva
280 3983 403 4051 insula.
712 4000 714 4004 ⁴
1194 3977 1360 4047 Osiander
1393 3982 1585 4069 disputabat
1617 4003 1684 4048 non
1713 4002 1792 4050 esse
1819 3980 1886 4050 iliis
1914 3984 2028 4050 verbis
2050 3978 2180 4049 mulieri

239 4072 352 4140 ludaei
370 4091 436 4136 non
459 4070 647 4138 habuerunt
672 4091 811 4157 porcos:
835 4070 915 4159 quia
941 4062 989 4136 illi
1017 4070 1142 4138 habue-
1194 4067 1416 4134 denuntiatam
1433 4068 1665 4134 remissionem
1680 4081 1912 4153 peccatorumt
1957 4071 2012 4137 uia
2024 4065 2180 4153 ἀφέωνται

153 4171 233 4229 runt
253 4155 460 4237 Balsamusn,
483 4158 574 4245 quod
597 4177 760 4243 nusquam
782 4159 817 4224 in
840 4168 911 4223 tcto
934 4158 1016 4224 orbe
1038 4166 1143 4222 terra·
1194 4166 1286 4220 esset
1307 4155 1554 4221 coniunctivnm
1583 4152 1638 4222 vel
1659 4154 1869 4242 Optativnm:
1896 4092 1958 4223 sed
1982 4174 2047 4244 ego
2067 4164 2178 4220 statuo
2215 4203 2218 4206 -

150 4250 228 4316 'rum
249 4243 325 4320 tuta
347 4242 535 4310 habuerunt
555 4241 702 4330 puimas3
719 4245 801 4311 item
823 4245 920 4311 vites.
954 4241 1084 4310 Porcus
1107 4243 1142 4309 in
1194 4258 1273 4307 esse
1293 4242 1579 4307 asseverationem
1600 4243 1807 4309 remissionis
1829 4253 2062 4329 peccatorum:
2088 4241 2180 4306 sicut

153 4336 252 4404 vinea
273 4327 412 4398 multum
434 4331 546 4397 damni
567 4329 673 4397 affert.
706 4329 851 4417 Propter
870 4328 963 4396 iiiam
986 4330 1142 4397 domesti-
1193 4326 1228 4392 ln
1250 4326 1317 4393 hcc
1339 4326 1447 4395 dicto:
1482 4330 1572 4411 Vade,
1598 4328 1683 4416 tides
1699 4339 1757 4396 ιιιιι
1774 4337 1807 4397 te
1827 4335 1950 4398 adram
1968 4335 2059 4413 secu.
2101 4324 2179 4412 Ego

154 4416 536 4488 cametceccncmicam
551 4437 707 4485 caussam
718 4414 813 4484 Deus
825 4417 995 4505 prohibuit
1007 4436 1141 4504 porcos.
1193 4410 1364 4479 assentior
1378 4410 1553 4494 Guarino,
1575 4417 1665 4502 quod
1687 4417 1732 4482 sit
1752 4415 1971 4483 Praeteritum
1991 4410 2180 4500 perfectum

153 4507 279 4577 Postea
289 4502 423 4571 iuerunt
431 4501 530 4571 huius
541 4505 589 4570 rei
601 4505 699 4570 etiam
710 4503 797 4571 aliae
808 4524 953 4574 caussae
964 4503 1141 4592 Physicac·
1192 4498 1343 4566 ionicum
1368 4500 1403 4565 in
1431 4499 1626 4568 indicativo.
1670 4503 1738 4569 iam
1760 4504 1868 4590 ipsum
1890 4500 2077 4588 exemplum
2100 4519 2179 4566 con·

242 4593 353 4662 Sexus
376 4586 563 4657 foemineos
586 4587 771 4659 delectatur
792 4592 968 4680 generosis
990 4610 1141 4681 unguen·
1194 4587 1349 4654 siderate.

155 4684 215 4752 tis:
238 4682 314 4747 ideo
337 4674 492 4746 mulieres
526 4678 723 4763 praesertim
744 4700 821 4745 cum
842 4689 922 4749 sunt
937 4679 1142 4759 meretrices,

156 4780 235 4838 sunt
265 4769 449 4833 instructae
481 4763 490 4783 ’
519 4765 557 4870 is·
581 4784 602 4830 c
627 4764 729 4870 timis·
746 4766 868 4845 rebus,
899 4762 1077 4870 Balsama,
1110 4775 1143 4831 et
1194 4781 1311 4888 Quae
1342 4794 1406 4866 est
1435 4811 1595 4868 summa
1625 4782 1714 4869 Eva
1770 4782 1866 4872 effip
1924 4782 2009 4866 uod
2028 4812 2077 4867 ca
2106 4779 2181 4866 ut?

156 4854 232 4925 aliis
253 4851 476 4920 aromatibus:
503 4871 580 4937 quta
603 4786 796 4917 lomtnrbus
824 4849 1035 4941 elegantibus
1056 4854 1143 4919 odo'r
1713 4815 1771 4898 ng
1896 4813 1925 4894 q
2077 4812 2104 4895 p

156 4962 225 5010 non
247 4941 344 5006 nimis
359 4938 532 5046 pmbgnus,
560 4932 660 5004 valde
686 4939 739 5003 es't
767 4948 897 5026 gratus.
938 4936 982 5004 Et
1010 4948 1063 5004 est
1084 4958 1142 5044 res
1223 4905 1293 5018 qul
1322 4904 1434 4991 locus
1465 4906 1702 5010 eommunis,
1735 4907 1790 4990 ad
1820 4932 1944 5088 <putem
1973 4903 2141 4989 him-ig
2271 4953 2275 4961 .

33 5165 37 5175 ·
146 5021 1141 5266 'GsollllellemavllculffiillGegtltllle'sulltulllerrllplitrgsereslrll
1184 5078 1190 5086 ²
1517 5023 1731 5115 reserenda
1762 5038 1849 5121 est·

156 5201 226 5271 Sed
248 5220 311 5266 nos
323 5200 370 5274 ita
382 5156 459 5264 besl
516 5211 569 5265 ter
589 5182 744 5281 vivimus',
765 5209 803 5266 ut
823 5220 891 5267 nou
903 5194 1142 5288 intelligamus,
1278 5205 1341 5274 Em
1372 5188 1528 5278 doctrina
1554 5210 1598 5276 de
1626 5209 1839 5296 poenitentis.
1892 5205 2092 5295 imponitur
2123 5199 2180 5270 itic
