4620 5588
850 188 1072 283 cosumus
1092 138 1493 263 munumina„
1869 162 1871 166 '
2023 232 2028 245 „
2101 143 2184 267 ers
2291 255 2305 296 .-

470 381 532 448 DE
560 379 830 450 EAURENTIO.
1219 409 1223 426 ·
1281 383 1389 460 Etiam
1439 382 1517 451 aulo
1546 386 1778 469 superioribus
1809 386 2015 470 temporibus
2046 388 2080 451 in
2112 382 2181 455 hie

1194 471 1328 538 rerchia
1349 406 1591 537 Ecclesiastico
1613 471 1756 538 Diaconi
1783 484 1907 559 erant,
1924 493 2065 623 quorum
2094 493 2179 540 usus

1195 568 1268 624 erat
1283 559 1319 626 in
1339 569 1530 646 quaestura,
1562 559 1742 624 intuendo
1776 560 1906 625 aerario

1194 643 1585 729 nominarentur-its:
1619 645 1767 711 Fuerunt
1798 645 1861 712 viri
1893 646 1983 711 docti
2017 657 2051 710 et
2083 665 2180 730 prae·
2211 661 2214 664 ’

1194 740 1341 796 stantes:
1361 716 1439 797 ideo
1462 734 1510 796 eis
1533 742 1566 798 et
1588 734 1730 816 pecunia
1762 744 1797 798 et
1828 734 1964 820 negotia
1996 734 2189 817 credebam·

395 839 495 944 Quis
525 838 604 924 fuit
633 839 906 924 Laurentius?
1195 827 1272 882 tur:
1305 822 1384 883 Mon
1409 828 1529 884 nennio
1559 824 1609 884 oie
1640 818 1905 886 consistoriales.
1964 822 2027 885 Eiet
2058 822 2181 885 eadm

158 578 744 695 FragmentaHisioriae
775 580 836 664 de
856 581 1141 666 Laurentio
1954 553 2178 625 ⁶⁰¹fl⁵l⁸⁸ti⁰0·

1196 903 1534 985 worenScholastici‚
1557 905 1612 991 qui
1635 918 1730 970 erant
1747 904 1909 971 Oratores
1921 905 2179 985 Canoniccrum,
2288 933 2292 940 ·

804 1034 808 1041 .
1197 990 1391 1055 dicebantur
1413 1010 1450 1056 os
1475 994 1571 1058 Cleri·
1625 991 1752 1076 Canu,
1781 1004 1834 1058 est
1856 995 2020 1080 ακλῆρος,
2054 993 2087 1057 id
2116 1003 2179 1076 est,

246 1072 447 1141 Numerata:
478 1076 564 1142 inter
584 1086 761 1163 martyres.
817 1074 892 1149 Quo
920 1094 1045 1162 genere
1066 1095 1144 1161 sup·
1196 1095 1292 1141 sors:
1326 1075 1405 1142 hinc
1429 1080 1564 1158 Clerici,
1597 1077 1632 1142 id
1661 1086 1729 1159 est,
1762 1077 1796 1142 hi
1842 1079 1874 1143 ui
1908 1092 1985 1145 sunt
2018 1079 2052 1144 in
2075 1089 2179 1144 sorte.

159 1158 249 1249 plicii
272 1160 413 1245 affectus
435 1159 517 1229 suit?
570 1161 749 1248 impositus
781 1172 834 1228 est
857 1160 1057 1243 craticulae,
1090 1158 1147 1228 vel
1195 1162 1419 1229 Nominabant
1435 1176 1545 1230 autem
1567 1174 1705 1243 sortem,
1726 1183 1786 1230 seu
1805 1100 1944 1245 clerum,
1965 1174 2095 1251 partem
2118 1181 2180 1230 seu
2292 1233 2296 1239 ,

159 1270 245 1335 rugo
269 1250 410 1327 ardenti,
432 1250 519 1315 sicut
541 1250 640 1314 etiarn
661 1250 818 1335 pingitur.
868 1249 1012 1316 Veteres
1040 1250 1144 1336 pictu-
1197 1260 1329 1316 coetum
1351 1240 1537 1317 ordinatum
1556 1252 1598 1316 ad
1626 1251 1854 1317 ministerium.
1899 1256 1971 1317 Das
1992 1255 2083 1336 mett,
2117 1248 2181 1319 dot

159 1340 309 1401 rae‘sunt
324 1334 570 1423 qualiacunque
586 1347 808 1416 rnonumenm,
831 1347 865 1401 et
886 1337 1016 1400 indices
1032 1357 1144 1400 rerum
1201 1338 1410 1422 Gottpehort,
1428 1341 1489 1404 dos
1509 1341 1555 1404 dn
1570 1355 1643 1404 mur
1663 1358 1736 1406 mom
1760 1342 1980 1410 Guilesdlenst
1994 1332 2186 1421 paorumet..

161 1433 343 1510 gestarum,
399 1423 437 1487 Si
470 1436 538 1489 non
560 1422 761 1489 haberemus
784 1421 947 1489 beneficia
991 1422 1144 1502 ictorum,
1197 1421 1258 1488 Est
1278 1435 1444 1509 sumptum
1466 1423 1642 1504 uLevitis,
1660 1424 1716 1514 qui
1739 1436 1833 1493 eraut
1857 1427 2001 1492 ordinati
2023 1426 2066 1491 ad
2089 1424 2179 1492 mine

159 1507 242 1574 nibil
269 1507 470 1574 haberemus
500 1511 543 1575 de
575 1509 721 1596 antiquis
747 1507 907 1576 historiis.
1007 1511 1040 1574 ir
1071 1527 1144 1576 ver·
1197 1511 1344 1575 sterium.

157 1615 273 1682 peston
293 1597 347 1662 dic
368 1597 456 1661 alten
477 1595 635 1662 Ιιίείοαίαα
652 1614 729 1682 por.

323 1927 441 2033 Quae
471 1929 549 2013 suit
586 1930 743 2015 occasio
773 1929 982 2044 supplicii?
1147 2014 1149 2019 ,
1382 1912 1464 2017 Qui
1494 1914 1735 1998 dicebantur
1764 1913 2002 2002 ἅκόλονθοιῗ
2094 2000 2097 2015 .
2185 1934 2188 1943 ’

247 2107 429 2201 imperator
439 2111 567 2180 Decius
582 2114 686 2180 ntovit
701 2125 850 2183 atrocem
861 2116 1145 2201 persecutionem:
1282 2113 1458 2190 Ἀκόλουθος
1485 2094 1655 2202 significat
1679 2115 1898 2182 ministerium
1930 2092 2104 2200 Episcopi}
2122 2117 2183 2181 der

158 2201 193 2267 in
216 2219 285 2287 que
305 2217 383 2266 omn
402 2198 500 2267 multi
528 2199 811 2281 interficerentur,
842 2212 876 2268 et
905 2198 997 2267 multi
1018 2201 1145 2285 passim
1196 2208 1255 2267 mtt
1275 2204 1346 2267 (λεια
1367 2204 1530 2285 Birthoffe
1543 2222 1677 2284 punpen
1697 2203 1749 2284 iot,
1781 2205 1851 2268 und
1882 2204 1941 2269 bct
1960 2208 2035 2284 ouff
2052 2204 2108 2266 ibn
2126 2219 2182 2282 pe⁵

158 2289 193 2354 in
215 2285 351 2354 exilium
370 2285 588 2372 pellerentur,
611 2289 734 2355 accidit·
754 2286 820 2355 hoc
843 2306 988 2374 quoque,
1011 2291 1053 2352 de
1077 2307 1143 2374 quo
1197 2296 1320 2354 marcet.
1384 2286 1516 2353 Nomen
1547 2299 1601 2353 est
1632 2290 1675 2353 ab
1709 2287 1905 2366 ἀκολουθία,
1945 2289 2042 2374 quasi
2075 2284 2181 2367 thoas,

159 2391 264 2460 saepe
287 2375 371 2441 dixi:
413 2374 512 2450 Quod
534 2374 746 2440 Chaeremon
775 2391 880 2439 senex
902 2396 978 2440 cum
1002 2376 1145 2460 coniuge
1197 2371 1401 2452 comes,·vei
1424 2385 1612 2441 assectator
1633 2373 1804 2460 Episcopi.
1854 2373 1955 2439 Tales
1983 2383 2061 2442 suut
2082 2368 2183 2440 hodie

159 2478 292 2541 sua,*e
322 2473 508 2546 conspectu
539 2461 708 2526 hominum
742 2473 775 2526 et
808 2460 926 2526 turbae
960 2462 1154 2546 sequentis,
1197 2463 1230 2526 in
1253 2460 1442 2525 Academiis
1463 2465 1589 2545 pedalis,
1612 2462 1668 2546 qui
1691 2465 1864 2526 sectantur
1881 2461 2069 2526 Rectorem.
2103 2458 2183 2524 Dia-

98 2593 108 2612 .
159 2544 314 2614 sublatus
337 2550 444 2614 estin
468 2545 608 2612 coelum.
662 2545 725 2613 llio
756 2548 832 2633 ipso
865 2532 1145 2698 tempfferqiam
1177 2566 1306 2619 „conus
1339 2548 1482 2632 negotiis
1516 2544 1691 2612 Ecclesiae
1726 2547 1910 2613 inservivit.
1966 2548 2185 2622 Sacerdotes,

159 2631 288 2700 Romae
310 2634 405 2720 Papa
427 2635 544 2701 sixtus·
563 2631 623 2699 fuit
644 2631 857 2699 interiectus:
886 2645 920 2698 et
939 2632 1051 2700 Leure
1077 2634 1162 2698 tius·
1181 2636 1275 2698 'item
1297 2633 1454 2699 doctores
1477 2631 1705 2719 principaliter
1726 2645 1822 2700 crant
1843 2636 1876 2698 in
1894 2630 2007 2699 officio
2026 2632 2188 2699 docendit'

160 2732 230 2786 tum
251 2718 312 2787 tuit
333 2721 527 2803 Diaconus,
560 2721 612 2786 cui
645 2731 719 2786 erat
746 2721 977 2786 commendata
1003 2721 1146 2806 pecunia
1180 2717 1345 2786 -Diaconi
1380 2737 1490 2787 waren
1527 2729 1620 2788 sumt
1649 2722 1685 2787 in
1719 2720 1961 2809 gubernatione
1971 2728 1985 2802 '3
2024 2722 2111 2790 όααττ
2149 2728 2193 2786 et·

159 2805 349 2875 Ecclesiae.
405 2807 673 2875 Conlerebantur
704 2818 815 2887 autem
845 2808 882 2873 in·
903 2803 1155 2892 Ecclesium-j
1178 2826 1312 2879 :muron
1340 2810 1478 2892 αταὶταα
1513 2810 1597 2874 lente
1628 2813 1700 2875 sent
1733 2810 1893 2891 pcnrdnet
1920 2820 1994 2874 snm
2026 2809 2184 2889 repiernt‘.

159 2910 260 2960 mano
292 2895 398 2975 (utin
426 2892 561 2962 civitate
585 2891 769 2981 locuplete)
801 2894 966 2980 pecuniae
998 2890 1049 2960 iar
1099 2905 1155 2959 er.¹
1199 2893 1263 2968 Qui
1286 2895 1372 2960 enim
1393 2895 1530 2960 studere
1551 2893 1692 2975 debent,
1724 2906 1796 2961 nott
1814 2903 1957 2980 possunt
1974 2904 2098 2960 vacare
2118 2889 2190 2981 ntis·

159 2978 243 3046 Earn
264 2983 439 3066 pecuniam
455 2980 722 3069 postulaverint
749 2984 836 3048 tradi
864 2981 1006 3047 Decius.
1083 2999 1156 3056 aec·
1198 2977 1363 3046 molestiis
1387 2995 1420 3046 et
1441 2982 1597 3060 misertis,
1619 2982 1830 3048 exercendae
1851 2981 2101 3060 iurisdictionis,
2128 2988 2187 3046 aut

160 3063 225 3132 su’t
242 3066 423 3134 Laurentio
447 3071 585 3135 occasio
614 3070 763 3136 edendae
786 3066 1166 3161 υαιιίυεεὶοηὶει[λὶιιίμκλ
1199 3069 1338 3154 struendi
1359 3070 1478 3134 aerarii
1513 3067 1646 3154 publici.
1702 3067 1797 3135 llaec
1830 3080 1932 3134 onera
1964 3070 2000 3133 in·
2020 3068 2190 3156 gubernet*

159 3154 226 3220 bus
259 3165 313 3220 est
343 3173 401 3222 res
429 3173 505 3224 euru
526 3157 685 3243 pecunia,
704 3153 755 3221 'n-
773 3152 875 3222 iaeile
906 3155 1079 3224 incurrunt
1108 3155 1151 3220 'in
1199 3154 1291 3219 tione
1335 3155 1563 3221 sustinuerunt
1597 3155 1751 3222 Diacnni.
1818 3152 1879 3219 Illa
1922 3156 2093 3241 sapienter
2135 3153 2190 3220 sic'

161 3240 238 3308 odio
259 3250 441 3328 potentum.
723 3241 729 3256 “
807 3270 809 3274 ⁴
839 3232 846 3265 ’
962 3266 973 3302 .·
1200 3242 1375 3307 distributa
1396 3241 1541 3308 fuerunt.
1596 3241 1706 3309 llodie
1728 3240 1888 3307 Canonici
1920 3243 2064 3307 retinent
2102 3238 2191 3306 redi·

955 3358 959 3366 ·
1032 3355 1035 3359 ⁴
1150 3332 1157 3355 ¹
1199 3339 1266 3407 tus,
1287 3338 1321 3393 et
1341 3326 1479 3395 labores
1509 3329 1671 3397 omittunt.
1727 3326 1818 3399 orm:
1849 3326 1994 3415 collegia
2016 3325 2187 3393 Ecclesia·

1199 3415 1285 3481 stica
1317 3426 1414 3480 erant
1448 3414 1603 3495 scholae,
1641 3416 1674 3482 el
1706 3416 1879 3483 habebant
1911 3417 2038 3503 gradus
2072 3425 2192 3479 certos·

1200 3502 1390 3568 docentium
1412 3514 1446 3570 et
1468 3502 1692 3570 servientium.

162 3574 274 3680 Quid
304 3577 505 3689 siguificat
534 3606 685 3660 nomeu
699 3576 871 3660 Diaconi
897 3578 940 3660 in
970 3576 1148 3689 genere?

248 3759 395 3836 Arcanos
417 3763 519 3838 heht,
552 3765 613 3828 der
634 3767 670 3827 in
698 3767 801 3826 tinem
822 3769 914 3845 ampl
933 3767 985 3844 itt,
1012 3760 1149 3824 διακονία

161 3854 214 3914 ein
248 3857 349 3931 ampt.
406 3845 580 3914 Diacouus
620 3846 790 3935 s'gnificat
824 3868 917 3926 eum,
957 3849 1014 3932 qui
1046 3847 1148 3913 habet
1346 3906 1355 3923 ‚
1780 3903 1789 3921 ,
1962 3901 1970 3919 ,
2075 3902 2083 3918 ,
2179 3876 2181 3881 ·

161 3933 497 4013 administrationem,
532 3937 586 4000 nlo
616 3938 661 4000 du
693 3936 738 4001 t‘et
759 3941 811 4000 ein
842 3938 1053 4010 nurenberc,
1088 3937 1149 4000 der
1276 3903 1388 4009 Quld
1418 3918 1535 3989 Grani
1563 3906 1792 4019 presbyteri
1823 3913 1867 3985 et
1896 3901 2113 4016 Episcopl?

160 4022 225 4088 den
255 4025 425 4102 perneinen
455 4025 573 4087 hasten
604 4025 663 4087 bot
693 4041 734 4086 τα
768 4025 948 4088 permanen.
1004 4020 1147 4086 Diaconi
1811 4088 1816 4109 Ι

161 4106 378 4192 praefuerunt
410 4109 558 4187 aerario,
598 4121 631 4175 et
664 4105 777 4173 multis
809 4108 991 4197 negotiis„
1020 4105 1147 4171 Paulus
1286 4107 1427 4194 Utrique
1450 4108 1618 4171 docebant
1630 4115 1663 4170 et
1678 4101 1955 4170 administrabant
1968 4102 2188 4169 Sacramenta
2276 4108 2281 4122 '

161 4195 265 4260 utitur
286 4214 372 4260 voce
400 4198 589 4279 λειτουργίαι,
618 4196 706 4261 sicut
728 4194 827 4260 etiam
848 4193 979 4279 Moses,
1012 4195 1146 4279 quando
1200 4193 1336 4281 populo.
1378 4193 1445 4259 Sed
1468 4194 1534 4260 hcc
1556 4195 1728 4257 intererat:
1751 4192 1942 4275 Episcopus
1964 4189 2112 4255 habebat
2133 4191 2188 4255 ius

161 4283 310 4346 nominat
342 4302 446 4346 onera
480 4281 688 4360 Levitarum,
720 4292 821 4348 vocat
854 4285 1044 4366 λειτουργίαι.
1090 4280 1147 4344 Sic
1200 4282 1482 4347 administrandae
1510 4280 1749 4344 ordinationis.
1806 4278 2030 4364 Hieronymus
2058 4279 2188 4357 scribit,

42 4399 46 4402 ·
163 4370 249 4431 enim
277 4378 451 4432 verterunt
472 4367 568 4433 Lxx
600 4368 813 4451 interpretes.
868 4368 923 4434 Ad
957 4364 1146 4431 Corinthios
1198 4371 1232 4433 in
1251 4360 1355 4434 Paulo
1379 4369 1466 4432 idern
1489 4385 1568 4431 esse
1594 4386 1714 4430 nomen
1738 4365 1896 4450 Episcopi
1924 4378 1957 4428 et
1979 4364 2186 4449 Presbyteri.

162 4454 266 4538 inquit
288 4452 488 4538 Apostolus:
521 4455 630 4521 Huius
657 4456 832 4521 montereau
860 4456 988 4538 functio
1022 4459 1152 4537 supplet
1199 4455 1289 4522 ldem
1322 4457 1386 4534 ait,
1419 4450 1505 4518 nihil·
1533 4454 1700 4518 interesse
1733 4453 1820 4518 inter
1841 4450 2043 4538 Episcopum
2067 4449 2188 4515 Roma·

161 4542 320 4622 des'ectum
342 4551 543 4607 sanctorum:
562 4542 594 4606 id
618 4555 682 4622 est,
706 4541 964 4620 administratio,
998 4543 1052 4606 dio
1072 4561 1147 4607 cus·
1199 4562 1328 4623 norum,
1351 4552 1385 4606 et
1406 4539 1698 4605 Wormatiensem.
1743 4539 1819 4604 Fuit
1843 4541 1874 4604 ei
1906 4540 1987 4602 urbs
2022 4534 2080 4602 illa
2104 4539 2189 4601 bene

162 4631 312 4710 ricbtunp
340 4625 539 4704 collationis,
571 4629 601 4694 E.
627 4625 774 4698 Corinth.
805 4627 837 4694 9.
877 4626 895 4708 ἡ
923 4626 1060 4690 διακονία
1094 4629 1147 4707 τῆς
1199 4639 1290 4693 notu.
1342 4626 1418 4692 Fuit
1451 4627 1543 4693 enim·
1570 4628 1604 4692 in
1638 4626 1777 4715 Synodu
1811 4624 2004 4692 'frevireusi
2038 4635 2190 4710 tempore

163 4716 344 4799 λειτουργίας
365 4714 473 4795 ταύτης
501 4719 565 4779 ἐστὶ
593 4717 879 4799 πραςαναττλρροῦσα
897 4712 934 4778 toi
963 4712 1147 4799 ὑστερήματα
1199 4713 1377 4780 Maximini.
1639 4750 1642 4759 ¹
1735 4746 1761 4779 v·

161 4804 221 4863 :aiv
238 4799 343 4883 dytav.
380 4801 575 4890 Λειτουργδς,
598 4803 654 4888 qui
676 4803 817 4866 sustinet
841 4822 940 4880 onus,
967 4821 1003 4867 et
1018 4808 1069 4867 set
1088 4803 1151 4866 mit
1285 4802 1416 4867 Nomen
1438 4798 1598 4887 Episcopi
1632 4811 1800 4888 sumptum
1833 4811 1887 4864 est
1908 4801 1951 4863 ab
1975 4796 2187 4863 Atheniensi·

160 4890 264 4968 peine,
282 4893 360 4954 oder
382 4889 508 4955 andan
530 4889 599 4955 Dm
621 4909 671 4954 en.
716 4889 773 4952 Sic
795 4887 957 4954 diaconus
988 4888 1075 4954 beist
1092 4888 1148 4954 ein
1199 4887 1479 4975 busksignificat
1518 4889 1756 4974 inspectorem.
1823 4885 1980 4971 Spartani
2019 4887 2190 4950 vocabant

162 4976 311 5057 urbcitcr,
333 4977 388 5060 qui
411 4975 554 5041 laborat.
597 4911 725 5041 i'aulus
747 4976 896 5040 nominat
926 4994 1009 5040 suos
1032 4975 1146 5040 socios
1198 4979 1349 5058 Ephorus
1371 4987 1404 5040 et
1431 4974 1593 5060 ἀρμοοιας.
1648 4973 1749 5039 'l'uroi
1776 4975 1810 5040 in
1834 4972 1985 5060 Ungaria
2017 4971 2193 5056 imponunt

160 5060 197 5123 in
214 5061 396 5128 ministerio
417 5061 677 5150 ουλλεικουργούς,
699 5062 733 5128 id
756 5072 820 5142 est,
842 5058 940 5129 simul
959 5063 1149 5129 servientes
1200 5064 1340 5130 urbibus
1366 5064 1491 5143 Caeam
1508 5064 1542 5129 id
1564 5074 1628 5144 est,
1649 5063 1801 5129 iudicem.

161 5145 196 5210 in
218 5144 364 5231 publicis
384 5150 588 5217 ministeriis.
663 5164 677 5177 ⁸
884 5166 888 5172 ’
1712 5174 1717 5195 ·
