4688 5594
148 183 213 259 aar
575 277 577 281 v
786 177 901 251 nan.
921 176 1028 255 nat.
1048 174 1241 249 somam
1260 174 1528 247 amoenos.
1896 226 1907 239 ,
2103 182 2172 255 m
2296 140 2306 149 '

145 371 303 451 melioret
325 369 452 459 deoiyli
473 384 573 458 quem
595 370 729 450 ibin-in
745 380 829 439 1⁰10
851 371 936 438 orbe
957 381 1132 443 terrarum·
1184 369 1267 439 tunt
1287 369 1324 434 in
1343 362 1505 434 nnana.
1548 364 1613 434 Hic
1635 368 1876 437 condemnatur
1892 368 2082 455 Diabolus,
2101 372 2170 443 aad
2294 385 2299 395 ·

146 460 197 537 En
219 457 279 527 illo
300 452 811 543 loctutnataoorr.1nhnutac
831 457 988 543 Augusto
1015 477 1036 522 a
1065 476 1134 523 ma·
1183 472 1267 519 narr
1291 455 1333 517 'cr
1364 454 1425 517 dns
1455 453 1574 529 torn,
1608 455 1708 541 quod:
1730 453 1835 529 Filius
1862 455 1937 525 Dai.
1958 455 2038 525 alibi
2071 461 2167 527 dicits

147 548 223 625 dico
244 542 402 625 Nicolao,
419 544 478 629 qui
498 539 603 609 multa
619 545 688 609 scri
732 543 774 626 ἰ,
800 554 837 609 et
857 543 923 611 luit
950 539 1131 631 singularia
1183 540 1340 623 Princeps
1360 540 1468 613 maadi
1488 541 1650 613 indicatus
1672 550 1728 605 ert
1772 543 2029 610 Vocatlotroncr
2040 543 2167 612 Diabo-

147 623 275 703 amic'us
298 631 445 718 Augusti
465 628 637 697 Caesaris.
671 683 674 687 .
707 629 825 716 cripsit
850 629 1027 710 historias,
1052 631 1133 697 item
1182 624 1256 705 los,
1279 627 1336 713 qui
1356 640 1391 693 et
1409 624 1674 712 spoliaverunt,-
1690 640 1723 695 et
1750 628 1968 701 vulnerarunt
1989 630 2168 712 hominem,

146 718 326 806 Physicen.
1183 725 1218 781 et
1249 715 1426 793 abierunt,
1458 711 1684 800 relinquentes
1717 718 1977 789 semimortuum.
2021 716 2077 778 Da
2105 718 2167 800 lipt

233 805 442 889 Quamquam
464 815 575 871 autem
593 814 682 869 recte
699 802 868 890 quaeritur
889 802 932 868 de
952 803 1019 868 situ
1040 797 1133 866 loco·
1181 811 1246 863 nun
1267 800 1326 862 der
1344 821 1409 861 nrm
1430 800 1564 879 nemrod,
1586 812 1620 868 et
1642 816 1695 867 est
1716 800 1805 882 talis,
1827 804 1915 869 sicut
1935 804 2070 871 diciturc
2089 804 2167 866 Sen-
2208 864 2212 871 ,

146 913 240 959 rum:
261 905 371 959 tamen
393 911 462 955 non
483 892 617 957 dubium
641 901 711 969 est,
739 890 819 975 quin
841 887 995 955 Christus
1024 890 1132 974 magis
1183 909 1236 948 nn
1269 891 1376 949 cornis
1406 895 1453 950 est
1485 890 1653 951 inimicitia
1681 890 1830 952 manns
1849 890 1962 954 Deam.
2004 888 2070 969 Et,
2100 891 2167 953 Cor

146 979 332 1061 respexerit
357 979 402 1045 ad
429 987 555 1062 typum.
598 977 702 1039 Homo
724 975 897 1039 dmcmda‘i.
941 974 989 1036 Er
1014 977 1057 1037 ιἰι
1078 995 1132 1056 pe·
1181 973 1314 1035 bononis
1330 994 1523 1055 perterrent,
1540 982 1571 1038 et
1600 994 1818 1039 aerumnosum.
1863 977 1931 1042 lam
1954 989 2006 1044 est
2027 996 2165 1064 0ppret·
2248 1029 2253 1037 .

101 1058 105 1065 ’
142 1064 243 1144 fallen
264 1084 331 1127 aon
347 1063 482 1124 Hinnnct
502 1065 571 1144 onff
585 1062 639 1125 die
660 1062 780 1128 eron.
825 1061 877 1129 Ex
897 1061 1062 1128 Paradiso
1083 1059 1132 1126 la-
1182 1079 1246 1126 sns
1266 1073 1407 1146 peccato
1430 1072 1463 1126 et
1485 1076 1600 1126 morte.
1645 1061 1707 1127 Est
1728 1060 1893 1148 spoliatus
1912 1066 1947 1131 iu
1970 1064 2067 1129 donis
2089 1082 2171 1150 gras·

146 1171 229 1238 psus
252 1162 305 1216 est
337 1147 429 1216 illam
452 1150 606 1219 miserum
628 1151 728 1217 vitam
750 1151 928 1223 obsessam
949 1168 972 1214 a
992 1146 1131 1223 latronif
1182 1148 1285 1225 tuit's,
1307 1147 1428 1226 idest,
1451 1148 1562 1213 amisit
1583 1149 1743 1233 gratiam,
1771 1163 1804 1215 et
1826 1170 1909 1216 acre
1933 1152 2087 1217 tationem
2111 1170 2166 1216 oo·

146 1239 222 1304 tas.
268 1236 352 1311 Qus
374 1246 429 1301 est
451 1234 509 1301 ille
537 1234 658 1316 homo,
679 1237 722 1303 de
744 1256 811 1322 qno
835 1233 989 1301 Christus
1011 1235 1131 1320 inquit:
1183 1252 1254 1298 ram
1278 1232 1364 1312 Deo,
1386 1237 1463 1300 item
1485 1232 1755 1301 inhabitationem
1778 1234 1853 1301 Dei.
1928 1252 1979 1304 rat
2000 1248 2100 1305 antea
2117 1233 2166 1302 ei·

146 1323 248 1385 Home
268 1323 418 1405 qnidnni
463 1319 569 1387 intelli
595 1323 639 1388 ite
662 1323 842 1389 Adamum=
864 1323 894 1386 is
915 1322 1089 1389 deseendit
1111 1342 1133 1387 a
1182 1316 1281 1385 fusus
1314 1321 1347 1385 in
1379 1340 1456 1386 eunt
1489 1318 1633 1406 Spiritus
1661 1336 1818 1399 sanctns3
1851 1337 1971 1408 postea
2003 1343 2070 1388 non
2103 1318 2167 1391 snit

145 1406 390 1496 Hierosolymis
411 1409 444 1473 in
462 1344 633 1475 Hiericiro.
678 1405 914 1495 Hierosolyma
936 1427 1132 1493 repraeseu·
1182 1403 1323 1490 amplius
1354 1403 1552 1471 domicilium
1586 1420 1619 1472 et
1651 1405 1808 1492 templum
1830 1409 1905 1476 Dei.
1955 1409 2051 1477 Deus
2072 1407 2166 1477 habi-

146 1506 196 1561 tat
218 1494 424 1561 Paradisum.
470 1494 601 1560 Nomen
633 1494 801 1582 significat
829 1496 995 1560 visionem
1024 1495 1131 1579 pacis,
1183 1506 1255 1557 tare
1287 1494 1320 1558 in
1349 1492 1538 1560 hominihus
1570 1490 1688 1561 uoluit
1742 1496 1809 1561 lam
1838 1510 1916 1562 sunt
1938 1499 2011 1563 sine
2032 1508 2165 1562 rectora

145 1581 181 1648 id
202 1593 266 1661 est,
288 1582 390 1646 uitam
412 1581 595 1666 sapientiae
617 1594 651 1647 et
672 1581 783 1666 pacis,
810 1582 845 1646 in
874 1601 942 1666 qua
968 1579 1132 1665 sapientia
1183 1576 1271 1645 Deo.
2228 1603 2232 1615 ·
2272 1584 2276 1590 '

145 1668 344 1755 agnovisset
364 1666 465 1732 homo
487 1667 608 1741 Deum,
631 1679 665 1734 et
686 1666 832 1734 laetatus
848 1663 969 1733 fuisset
991 1667 1025 1731 in
1043 1664 1131 1745 Dco,
1269 1662 1462 1752 Cogitemus
1484 1687 1553 1732 non
1574 1677 1701 1733 tantum
1724 1669 1766 1734 de
1788 1688 1903 1736 morsu
1925 1675 2026 1756 pomi,
2039 1677 2100 1743 sed
2122 1677 2166 1742 de

146 1764 182 1822 et
202 1750 321 1821 inisset
344 1755 417 1820 sine
437 1766 590 1839 peccato,
613 1764 646 1819 et
667 1755 740 1821 sine
761 1765 880 1831 morte,
900 1755 973 1818 sine
995 1749 1131 1819 calam
1182 1751 1429 1817 cucumstantta
1450 1749 1539 1818 illius
1561 1754 1700 1838 peccati.
1745 1756 1855 1820 Adam
1877 1769 1911 1823 et
1932 1757 2005 1826 Eva
2026 1782 2167 1845 accepe»

146 1851 226 1919 tate,
248 1842 320 1906 sine
342 1841 483 1907 miseriis
505 1837 677 1921 humanis,
704 1860 792 1927 quae
819 1851 898 1905 sunt
925 1839 1130 1907 inenarrabi·
1180 1849 1258 1904 runt
1279 1838 1344 1903 ista
1368 1839 1456 1903 dona
1477 1860 1540 1924 pro
1563 1850 1634 1905 toto
1657 1859 1781 1926 genere
1802 1842 1971 1923 hnmano,
2003 1859 2037 1912 et
2064 1850 2165 1915 debe·

143 1924 208 1992 les.
250 1924 341 1992 Talis
364 1929 432 1993 vita
454 1923 574 1992 suisset
596 1929 665 1993 vita
682 1926 847 1999 Paradisir
868 1927 902 1991 id
924 1936 988 2002 est,
1009 1922 1129 1991 inisset
1181 1925 1263 1989 bant
1290 1944 1332 1988 ea
1360 1944 1498 1990 servare
1526 1927 1585 1991 toti
1616 1928 1732 2012 generi
1758 1926 1912 1994 humano.
1957 1930 2064 1999 Erant
2085 1955 2166 2001 con·

143 2013 213 2079 vita
235 2012 419 2099 sapientiae
441 2023 475 2079 et
494 2023 676 2099 perpetuae
696 2014 810 2099 pacis,
832 2014 905 2078 sine
927 2008 1129 2093 calamitate,
1180 2010 1236 2075 diti
1259 2010 1302 2075 ad
1323 2008 1569 2078 similitudinem
1584 2010 1659 2078 Dei.
1704 2011 1799 2079 Deus
1821 2033 1885 2079 nos
1908 2014 2061 2099 finxerat,
2082 2032 2165 2087 tam·

143 2099 217 2164 sine
238 2111 353 2166 morte.
1179 2116 1278 2182 quam
1300 2116 1386 2180 opus
1407 2095 1538 2177 simile,
1571 2111 1606 2164 et
1631 2111 1669 2166 ut
1689 2111 1805 2166 essent
1826 2100 1983 2188 templum
2007 2117 2040 2171 et
2062 2108 2164 2173 domi·

229 2184 280 2252 Ειι
302 2183 369 2252 hoc
390 2196 480 2252 statu
502 2186 754 2261 descendimus,
781 2181 869 2269 lapsi
889 2204 1022 2264 sumus,
1048 2205 1127 2250 eun-
1179 2180 1290 2249 cilium
1311 2183 1383 2250 Dei.
1429 2183 1492 2250 Hic
1515 2187 1683 2272 cogitate,
1716 2197 1874 2272 quantum
1901 2191 1948 2255 sit
1975 2205 2166 2277 peccatum,
2240 2250 2245 2261 ,

143 2281 197 2338 tes
217 2272 251 2337 in
269 2270 439 2353 Hiericho,
460 2275 494 2338 id
516 2283 580 2352 est,
603 2269 815 2359 indulgentes
838 2291 997 2338 sensuum
1019 2291 1127 2338 amoc
1178 2270 1270 2420 quod
1292 2270 1414 2357 ingrati
1437 2267 1496 2336 illa
1517 2281 1610 2337 tanta
1642 2273 1732 2338 dona
1766 2273 1958 2356 effundunt,
1992 2281 2164 2347 excutiunt

143 2358 323 2440 nitatibus3
346 2358 414 2440 vel,
434 2360 465 2425 si
487 2360 595 2446 magis
621 2360 766 2425 retinere
791 2354 904 2443 piacet
930 2358 1127 2443 interpreta-
1205 2356 1336 2440 piritum
1369 2367 1538 2423 sanctum:
1589 2360 1666 2424 item
1705 2359 1795 2446 quod
1834 2381 1913 2429 reos
1957 2383 1997 2429 se
2037 2364 2166 2433 iaciunt
2290 2389 2311 2415 ·

141 2444 264 2511 tionem
285 2443 460 2523 vocabuli,
489 2446 532 2511 de
560 2445 656 2512 Luna
684 2442 772 2529 lapsi
800 2464 917 2510 sunaus
947 2445 990 2510 ad
1025 2445 1127 2509 vitam
1178 2442 1323 2509 omnium
1333 2441 1496 2509 malorum
1508 2446 1716 2531 sequentinm
1726 2447 1760 2511 in
1772 2449 2067 2531 genere'humano.
2097 2452 2165 2538 ipsi

141 2529 346 2614 mutabilem,
368 2534 412 2598 ad
433 2530 529 2599 illum
548 2542 673 2599 statum
694 2532 874 2599 obnoxium
900 2532 1009 2597 morti.
1053 2529 1128 2597 Eva
1177 2546 1246 2593 non
1266 2539 1444 2616 praestant
1470 2527 1563 2595 illam
1590 2530 1690 2597 fidem
1711 2534 1914 2617 posteritati,
1936 2556 2037 2623 qnam
2060 2538 2163 2605 debe.

140 2617 223 2685 vidit
249 2639 402 2704 pomum,
429 2621 520 2706 qnod
548 2632 620 2685 erat
647 2615 833 2704 pulchrum.
869 2614 1048 2685 ,Diabolus
1070 2637 1127 2683 ac·
1177 2617 1267 2683 haut.
1311 2614 1380 2684 Sed
1402 2628 1482 2682 sunt
1504 2636 1627 2684 caussa
1648 2619 1785 2697 mortis,
1813 2631 1847 2685 et
1866 2621 2088 2688 calamitatum
2109 2640 2163 2691 sa·

139 2706 256 2785 cessit,
277 2718 312 2773 et
333 2708 566 2772 animadversa
586 2704 677 2771 illius
700 2705 986 2785 consideratione,
1014 2704 1126 2770 incen-
1178 2703 1348 2789 quantiam
1369 2703 1403 2767 in
1425 2722 1551 2790 genere
1570 2701 1726 2772 humano.
1759 2703 2055 2793 llluddepositum,
2073 2711 2166 2798 quoe
2260 2754 2263 2759 -

140 2791 188 2857 dit
209 2811 303 2860 cam:
345 2793 392 2856 So
425 2793 502 2856 told
528 2812 562 2854 er
589 2792 701 2866 ιίιΙιιι,
729 2792 807 2855 dors
828 2793 882 2857 die
903 2811 1005 2874 nepot
1026 2791 1127 2853 ιιαΙιίιι
1177 2789 1229 2856 eis
1246 2789 1512 2856 commendatum
1533 2801 1618 2871 erat,
1628 2810 1697 2857 non
1720 2794 1960 2874 custodierunt,
1976 2815 2045 2861 non
2066 2810 2165 2882 prae·

138 2879 296 2961 pennescit
317 2880 401 2954 sind,
424 2877 552 2946 afflavit
573 2899 660 2958 eam,
678 2879 827 2946 incitavit
848 2876 941 2945 illum
957 2875 1126 2958 affectum,
1177 2877 1335 2943 stiterunt
1355 2875 1457 2942 fidem
1478 2877 1511 2942 in
1535 2878 1754 2945 custodiendo
1765 2877 1825 2946 illo
1840 2881 1992 2966 deposito
2002 2903 2066 2969 pro
2087 2881 2166 2951 solu

140 2976 174 3031 et
194 2962 321 3050 impulit
333 2968 388 3032 ad
407 2964 550 3053 lapsum.
594 2966 672 3047 Non
694 2967 919 3052 disputemus,
946 2961 1055 3051 qualis
1081 2965 1127 3030 sit
1177 2982 1303 3050 genere
1323 2960 1479 3031 humano.

139 3053 288 3136 potentia
309 3050 467 3133 Diaboli,
499 3054 561 3119 sed
592 3053 770 3120 credamus
803 3053 881 3120 voci
913 3052 1068 3122 divinae,
1090 3064 1125 3117 et
1261 3048 1337 3115 Non
1359 3060 1474 3133 putate
1495 3047 1563 3117 hoo
1583 3070 1726 3136 parvum
1745 3063 1922 3138 peccatum
1942 3051 2064 3134 fnisse,
2076 3058 2165 3125 sient

140 3147 258 3289 postea
280 3140 362 3224 ipsis
394 3137 566 3226 exemplis.
620 3139 782 3206 Videmus
814 3135 918 3206 multa
951 3136 1124 3205 horribilia
1176 3132 1270 3203 multi
1291 3136 1534 3222 imaginantur,
1563 3139 1620 3224 qui
1648 3136 1731 3203 nihil
1751 3136 1843 3206 aliud
1862 3140 2042 3220 intuentur,
2064 3162 2169 3229 quam

164 3226 213 3293 eri
233 3227 267 3290 in
290 3246 415 3313 genere
435 3224 604 3308 humano,
638 3247 725 3313 quae
753 3247 822 3292 non
847 3224 1000 3293 facerent
1019 3222 1126 3290 homi·
1176 3243 1272 3289 esum
1293 3223 1394 3311 pomi.
1439 3222 1539 3297 Quod
1560 3225 1590 3290 si
1611 3225 1646 3290 in
1667 3244 1772 3308 opere
1794 3237 1862 3292 tam
1882 3247 1989 3312 parvo
2018 3248 2087 3295 non
2114 3249 2166 3296 re-

140 3329 226 3390 nes,
260 3314 324 3377 nisi
356 3310 606 3397 impellerentur
631 3334 653 3378 a
679 3311 837 3381 Diabolo.
881 3312 982 3387 Quod
1002 3310 1125 3378 Medea
1177 3311 1346 3379 tinuerunt
1367 3310 1606 3391 obedientiam,
1629 3314 1795 3398 cogitate,
1822 3326 1947 3399 quanta
1968 3316 2013 3380 sit
2029 3316 2165 3382 infirmi·

140 3397 263 3464 occidit
284 3418 368 3465 suos
391 3398 493 3480 filios,
515 3421 583 3466 non
605 3411 659 3465 est
680 3401 878 3479 humanum,
907 3401 977 3465 sed
990 3409 1044 3464 est
1064 3398 1125 3465 im·
1176 3407 1229 3461 tas
1251 3394 1350 3462 huius
1370 3406 1521 3463 naturae.
1577 3396 1724 3476 Postea,
1754 3420 1830 3465 cum
1862 3398 2028 3466 Diabolus
2061 3398 2163 3468 fuerit

140 3484 283 3550 mediate
304 3484 526 3554 Diabolicum.
570 3484 678 3552 Etiam
711 3487 746 3552 in
778 3484 844 3552 hae
873 3496 1033 3571 corrupta
1065 3506 1124 3552 na·
1176 3483 1342 3549 victorin
1364 3492 1482 3547 nonna
1509 3483 1665 3569 integra,
1697 3504 1767 3550 non
1799 3486 1959 3552 debemus
1993 3487 2164 3637 disputare

140 3579 227 3650 tura,
249 3582 360 3638 tamen
381 3583 518 3640 manent
538 3587 692 3659 storgae,
716 3593 802 3658 quae
823 3570 965 3638 libenter
987 3581 1125 3638 servant
1177 3566 1407 3647 cavillatorie,
1428 3570 1517 3635 sicut
1534 3570 1599 3636 iste
1619 3568 1802 3650 Nomionis,
1837 3574 1892 3658 qui
1925 3569 1996 3638 vult
2028 3575 2165 3639 endere

35 3702 64 3709 -.
139 3675 239 3723 suos:
262 3668 320 3724 aut
343 3671 434 3727 certe
455 3661 486 3726 si
508 3680 575 3724 non
598 3658 697 3725 valde
720 3661 911 3739 turbentur,
937 3656 994 3725 val
1015 3659 1126 3742 oppri·
1148 3632 1152 3743 i
1175 3655 1311 3741 Legem.
1355 3655 1463 3721 Homo
1475 3656 1680 3740 Epicuraeus
1698 3669 1810 3741 potest
1831 3655 1937 3724 multa
1957 3661 2166 3746 excogitare,
2216 3708 2221 3716 ·

139 3754 271 3810 mantur
292 3766 314 3809 a
335 3743 503 3825 Diabolo,
536 3757 646 3811 tamen
674 3766 743 3812 non
775 3747 941 3811 saeviunt.
985 3745 1055 3812 Sed
1082 3744 1127 3809 sit
1177 3744 1297 3829 quibus
1319 3741 1470 3807 derideat
1491 3744 1567 3809 ista.
1611 3741 1680 3811 Sed
1701 3763 1766 3810 nos
1787 3765 1855 3810 non
1879 3748 2102 3826 corvenimus,
2124 3758 2165 3813 ut

139 3832 237 3895 nohis
271 3850 337 3896 vox
370 3832 482 3898 divina
514 3845 610 3898 nota:
654 3833 795 3895 Satanas
822 3836 954 3895 intrauit
985 3836 1019 3895 in
1051 3852 1128 3895 ewa.
1177 3829 1387 3895 derideamus
1409 3829 1606 3910 doctrinam,
1627 3850 1726 3917 qnam
1748 3830 1843 3897 Dens
1864 3828 2049 3897 illustribus
2072 3834 2165 3898 testi·
2274 3892 2278 3897 .

139 3912 305 3983 Diabolus
339 3929 451 4003 potest
483 3917 657 3985 offundere
688 3918 812 3986 homini
844 3920 1126 4006 imaginationem.
1148 3913 1153 3931 '
1177 3916 1296 3982 moniis
1319 3911 1487 4000 patefecit,
1504 3927 1538 3981 et
1559 3938 1659 4003 quam
1681 3915 1847 3983 liliusDei
1869 3916 2079 3985 confirmavit
2100 3938 2165 3985 sua

141 4000 257 4070 Potest
280 4004 429 4071 obiicere
451 4007 662 4085 occasiones,
674 4018 707 4072 et
729 4007 897 4073 adducere
920 4018 1046 4071 motum
1066 4003 1126 4072 ali-
1177 4013 1304 4078 morte3
1337 4002 1400 4067 sed
1427 4015 1464 4067 ut
1491 4016 1685 4070 reverenter
1705 4004 1881 4070 audiamus
1903 4017 1938 4071 et.
1958 4024 2165 4089 expavesca-

164 4109 239 4156 nem
261 4091 293 4154 in
317 4111 401 4171 eor,
434 4105 471 4159 nt
503 4089 636 4159 facilius
658 4104 734 4159 runt
754 4092 865 4158 homo.
911 4091 968 4160 Sic
991 4093 1124 4180 quando
1176 4110 1251 4155 mus
1273 4089 1443 4173 agnitione
1465 4093 1616 4174 peceati,
1650 4101 1683 4156 et
1716 4088 1950 4176 confugiamus
1983 4093 2028 4157 ad
2060 4090 2165 4158 filium

175 4175 307 4243 iubolus
328 4179 411 4244 vidit
432 4179 466 4243 in
477 4176 550 4244 Eva
572 4179 874 4246 corrsiderationem
894 4180 996 4265 pomi,
1016 4180 1061 4242 da
1072 4179 1126 4241 dir
1177 4175 1254 4241 Dei.
1299 4173 1413 4242 Solius
1424 4174 1599 4241 Ecclesiae
1622 4178 1775 4243 doctrina
1797 4180 1943 4243 ostendit
1964 4199 2068 4245 veros
2090 4175 2164 4245 fon·

140 4280 263 4329 sensus
285 4272 349 4336 crat
371 4264 528 4346 unsaltan,
549 4265 596 4330 ibi
616 4265 749 4331 accedit
779 4267 852 4352 ipse
884 4266 1059 4340 incitatur,
1091 4278 1126 4331 et
1178 4275 1243 4342 tes,
1266 4273 1299 4327 et
1322 4283 1447 4330 caussa
1468 4264 1675 4329 miseriarum
1696 4262 1924 4332 humanarum.
1957 4266 2052 4332 Haec
2068 4285 2167 4351 prae·

140 4346 278 4436 impellit
297 4349 403 4437 Evam
425 4352 460 4417 in
481 4351 625 4417 ruinam:
657 4371 856 4438 quamquam
873 4364 1050 4437 peccatum
1072 4363 1125 4417 est
1178 4360 1274 4414 stans
1296 4359 1416 4414 natura
1437 4369 1505 4414 non
1527 4362 1620 4415 essm
1652 4352 1685 4416 in
1717 4352 1819 4416 tantis
1847 4353 2009 4432 miseriis,
2037 4354 2067 4418 si
2095 4371 2166 4417 non

140 4436 182 4500 ab
205 4437 281 4521 ipsa
302 4435 392 4517 Eva,
420 4457 529 4524 neque
557 4457 610 4504 est
632 4438 788 4524 quiddam
810 4437 1004 4505 violentum.
1047 4437 1125 4523 ipsa
1178 4447 1270 4500 essct
1297 4456 1357 4501 rea
1390 4455 1503 4500 coram
1535 4433 1621 4503 Deo.
1663 4438 1721 4505 Sic
1743 4438 1843 4524 igitur
1865 4439 1959 4505 dico:
1993 4440 2097 4502 Homo
2117 4445 2165 4500 ert

140 4518 259 4588 volens
279 4520 419 4605 labitur,
441 4527 504 4591 etsi
526 4521 716 4610 impellente
735 4536 770 4590 et
789 4526 948 4590 incitante
964 4521 1125 4590 Diabolo.
1178 4520 1337 4603 spoliator
1367 4524 1402 4582 in
1428 4525 1596 4603 protnitr'rz
1629 4530 1660 4585 et
1680 4524 1859 4589 muneratus
1890 4528 1925 4587 in
1957 4524 2164 4589 menuthin.

140 4605 199 4673 Sic
219 4607 330 4675 Adam
351 4622 493 4696 postea,
526 4631 726 4698 quamquam
758 4607 959 4677 horribiliter
991 4608 1126 4690 labitur,
1179 4608 1265 4674 Sunt
1296 4609 1403 4674 verba
1434 4607 1704 4679 Bonavonturae·
1752 4610 1881 4676 Natura
1908 4611 2079 4678 hominnm
2112 4620 2166 4677 est

140 4703 251 4762 mmen
277 4695 398 4763 volens
425 4695 559 4763 labitur.
604 4697 792 4764 Observata
820 4698 945 4763 dictum
975 4695 1128 4763 Clemen·
1178 4690 1383 4759 horribiliter
1400 4689 1567 4779 lacerata3
1588 4693 1777 4762 intellectus
1796 4710 1850 4763 est
1866 4699 2085 4765 obscuratus:
2106 4717 2166 4763 vo·
2217 4758 2227 4770 .

140 4779 199 4848 tis:
241 4781 360 4846 Dicam
381 4787 484 4847 omma
500 4788 614 4865 potitur
644 4805 736 4867 qnmn
757 4783 859 4846 Deum
891 4803 956 4846 erra
985 4804 1127 4847 cnorum
1178 4779 1292 4846 luntas
1315 4791 1368 4845 est
1390 4799 1512 4847 aversa
1534 4802 1555 4847 a
1577 4781 1665 4860 Deo,
1687 4785 1813 4870 rapitur
1836 4785 2071 4870 cupiditatibus
2093 4803 2166 4849 cor·

137 4871 274 4946 prccoti.
317 4869 396 4956 Ἐρῶ
411 4870 510 4934 πάντα
529 4875 654 4952 μᾶλλον,
674 4867 695 4950 ἢ
715 4868 748 4934 ιδ
769 4872 913 4956 προνοιῦν
931 4867 1126 4937 sinur'ni'rtor
1179 4863 1362 4952 puralibuS·
1406 4863 1477 4930 Cor
1498 4879 1552 4932 est
1573 4865 1741 4947 lacerum,
1769 4868 1904 4954 plenum
1925 4871 2165 4937 turbidioribue

139 4956 242 5019 moi.
288 4953 397 5021 Vocat
417 4955 451 5019 ni
473 4959 631 5040 προνιοῦν,
651 4956 868 5039 procidentem
889 4957 1000 5021 Deum.
1179 4951 1372 5031 affectibus3
1395 4964 1447 5017 est
1468 4951 1575 5019 simile
1597 4955 1692 5033 mari,
1713 4957 1856 5021 subinde
1877 4956 1980 5023 habet
1994 4956 2083 5024 alios
2104 4957 2165 5023 iln-

228 5036 313 5106 Cum
334 5040 435 5126 igitur
457 5043 591 5110 venium
613 5045 709 5129 primi
730 5042 883 5110 homines
905 5043 939 5110 iu
957 5043 1128 5126 Hiericho,
1181 5053 1256 5108 otus
1290 5052 1326 5105 et
1357 5051 1483 5107 aestus.
1547 5040 1699 5104 Flnctrtot
1735 5044 1866 5104 incertis
1886 5044 2045 5107 mariba
2066 5043 2166 5106 ordor

140 5125 174 5192 it
194 5136 266 5206 est,
301 5126 347 5189 dn
378 5129 424 5189 ria
445 5127 515 5193 dant
536 5129 670 5195 rebium
692 5131 788 5225 opffpl
805 5131 888 5195 crocle
907 5129 1025 5214 pelen,
1044 5131 1128 5200 inci·
1179 5132 1346 5190 moniam.
1401 5124 1463 5193 Est
1496 5148 1616 5220 vprans
1648 5127 1807 5195 Lucretii.
1885 5128 1956 5195 Wic
1987 5131 2038 5193 iitr
2070 5130 2165 5201 rent,
