4620 5588
151 192 218 263 855
772 185 778 197 '
816 192 928 265 ritib.
950 189 1055 262 MEL,
1076 186 1264 260 SCRIPTA
1283 183 1549 256 exeuntium
1588 220 1592 227 ·
2104 190 2175 261 856

154 385 397 453 affirmativam.
428 385 546 451 Omnis
567 382 725 470 negativa
748 385 883 469 requirit
894 381 1135 452 affirmativam.
1160 396 1164 427 ¹
1189 393 1265 470 rapt
1283 405 1347 451 uun
1370 385 1480 464 abero,
1503 385 1564 450 der
1585 386 1631 450 do
1650 383 1780 471 simulet,
1801 385 1869 449 ond
1891 383 1997 449 runabt
2017 384 2104 460 molt,
2134 403 2174 450 er

153 473 230 539 Non
253 487 306 539 est
328 475 413 538 satis
436 474 566 538 nradico
589 474 722 537 dicare:
745 473 808 534 iste
831 493 899 535 non
921 483 1014 538 recte
1038 468 1137 550 valet,
1189 474 1278 536 reoiir
1301 475 1390 536 er'ocu
1410 470 1567 557 partanei·
1584 471 1701 536 Μηδέν
1722 472 1792 536 siclt
1814 473 1939 548 lassat,
1971 471 2052 537 dosa
2078 491 2173 537 muna

154 561 216 624 sed
235 571 367 645 oportet
390 561 568 624 ostendere
590 559 747 637 remedia,
771 559 889 642 quibus
911 561 1020 643 possit
1041 578 1137 624 recu·
1188 559 1301 624 tt‘cbeu
1322 561 1392 624 soli·
1438 558 1497 623 Sic
1519 557 1641 624 Eccius
1662 556 1764 643 paulo
1795 569 1872 623 ante
1899 568 2039 622 mortem
2067 559 2172 623 edidit

153 667 273 731 perure
296 644 530 711 valetudinem.
1190 646 1417 729 turpissimum
1440 646 1599 729 scriptum
1623 645 1816 709 demiseris
1845 640 2055 721 mulieribus,
2089 664 2171 707 con-

241 733 287 798 Ea
308 732 409 796 stellet
431 734 477 798 int
495 738 566 798 teat
587 737 683 808 νοεῖν,
707 731 772 796 dua
793 730 887 809 beist,
920 733 978 795 tofo
999 732 1060 796 wir
1082 751 1136 796 so·
1189 732 1324 816 iugibus
1347 730 1581 806 Sacerdotem,
1604 742 1637 794 et
1660 750 1773 795 earum
1796 727 1941 794 filiabus.
2009 729 2044 794 ln
2075 729 2172 796 nulio

151 839 227 905 pert,
248 820 404 885 merciam
1189 814 1343 901 lupanari
1364 816 1444 880 talia
1467 828 1605 898 possent
1628 818 1741 881 scribi.
1793 815 1842 881 lbi
1864 835 1928 880 nos
1946 816 2173 881 suribeamuse

511 958 527 983 ,
1190 904 1253 969 deu
1296 903 1427 968 estauclt
1449 903 1507 967 bot
1529 922 1566 966 er·
1588 902 1704 966 biuda·
1732 903 1802 967 sicli
1827 905 1977 986 palomar
2011 904 2173 982 moriens,

280 989 375 1086 ΨΜ
404 991 505 1086 heigg
534 1006 735 1072 abominatio
769 1003 1008 1071 desolaqfflqgt
1189 1005 1226 1056 ut
1247 925 1332 1054 feles
1353 988 1490 1074 fugiens
1512 990 1656 1075 pessima
1678 991 1777 1072 pedit.
1807 990 1946 1054 Factum
1968 986 2173 1055 est'verbum

1189 1075 1283 1160 βδέω,
1306 1095 1327 1140 a
1350 1077 1503 1161 strepitu,
1526 1076 1585 1139 wic
1606 1076 1666 1139 der
1685 1071 1789 1155 suriz,
1810 1073 1906 1141 salvo
1919 1076 2065 1153 honore,
2088 1079 2172 1157 inat,

241 1163 453 1228 Abominatio
484 1163 602 1227 dicitur
623 1162 666 1226 ab
690 1181 804 1239 omen,
837 1163 890 1227 eiu
919 1159 1055 1226 Zcicltcu
1079 1168 1139 1244 put
1189 1161 1241 1243 βδ,
1277 1163 1329 1226 eiu
1356 1160 1446 1243 fana
1467 1161 1582 1226 subitis
1596 1158 1786 1242 furtzclreu,
1818 1161 1907 1226 uiolet
1928 1183 1967 1227 so
1987 1181 2054 1245 por
2074 1164 2173 1246 prob,

155 1251 239 1316 oder
262 1249 328 1314 bor.
373 1248 581 1326 Abominari,
603 1250 654 1312 eiu
675 1248 789 1326 scium,
812 1251 865 1312 eiu
884 1267 1015 1333 munau
1036 1246 1139 1312 buben
1189 1250 1235 1314 do
1251 1268 1315 1313 oon
1336 1247 1445 1331 kompt
1465 1249 1529 1312 dur
1549 1239 1713 1332 βδελδττω,
1730 1247 1831 1314 valde
1849 1260 1981 1314 nautea.
2027 1248 2073 1314 Et
2106 1249 2174 1314 iou

153 1355 217 1403 aar
238 1338 339 1401 ciuem
362 1337 451 1420 ditty,
473 1336 525 1399 uir
542 1331 605 1416 fur
626 1336 725 1399 ciuem
748 1335 843 1399 bosco
868 1336 1004 1399 zeialreu.
1072 1333 1138 1397 Die
1189 1355 1278 1420 sepo,
1300 1335 1382 1399 duas
1398 1334 1490 1398 λδηω
1514 1336 1625 1398 duran
1639 1333 1793 1418 pelmtpet
1814 1355 1880 1420 say,
1902 1335 1979 1419 quia
2003 1334 2094 1398 λδιτα
2115 1358 2173 1399 ra·

155 1421 265 1488 Latini
287 1421 390 1487 baben
411 1442 446 1487 es
466 1425 602 1485 cerari:
625 1421 812 1496 abomirtor·;
833 1423 895 1486 sed
912 1439 1040 1485 nausea
1058 1418 1138 1483 fuis·
1190 1423 1275 1486 hiem
1310 1421 1488 1507 significat,
1518 1441 1717 1506 quamquam
1751 1422 1847 1487 etiam
1866 1430 1976 1506 potest
1998 1440 2078 1486 csse
2100 1434 2172 1487 tan·

43 1519 47 1529 “
144 1508 210 1573 'aet
232 1505 351 1575 melius
374 1520 408 1573 et
430 1508 691 1572 convenientius.
738 1504 942 1572 Vocabulum
958 1503 1138 1591 βδελύττειν,
1189 1518 1258 1574 tum
1281 1507 1483 1572 efformatio:
1502 1508 1566 1573 das
1587 1505 1718 1586 meruit,
1736 1509 1875 1592 propter
1893 1503 2032 1592 gloriam
2055 1519 2088 1572 et
2110 1505 2172 1572 lro‘·

156 1615 225 1661 uon
249 1606 376 1660 tantum
395 1592 564 1680 significat
586 1591 715 1679 fugere,
738 1594 797 1658 sed
822 1615 896 1658 cum
908 1613 1030 1679 magna
1048 1613 1137 1657 com·
1160 1596 1164 1681 ξ
1189 1613 1305 1658 norem
1327 1592 1404 1657 Dei.
1449 1592 1529 1659 Gott
1557 1593 1615 1658 ltot
1643 1595 1697 1657 die
1722 1591 1813 1658 idola
1832 1600 1947 1677 patent
1969 1591 2173 1677 βδελδγματα,

155 1683 303 1747 motione
326 1680 446 1767 fugere
468 1691 502 1744 et
522 1678 688 1765 repellere
711 1676 755 1744 ali
778 1678 846 1744 uid.
912 1677 973 1743 Est
1007 1676 1138 1762 plenius
1160 1685 1164 1751 ζ
1189 1679 1391 1764 adelelino,
1424 1680 1459 1744 id
1492 1690 1554 1758 est,
1586 1676 1686 1744 valde
1702 1699 1850 1758 nauseo,
1880 1681 1931 1743 ein
1956 1683 2075 1764 qrewei
2102 1682 2174 1745 and

154 1765 369 1846 vocabulum,
392 1764 558 1852 quamvel
579 1769 699 1830 ναυτιᾶν
721 1699 1051 1850 νοῗδποστερέφσθαιι
1075 1754 1164 1861 ilus}
1189 1766 1291 1832 aeliam
1313 1765 1428 1844 buben,
1447 1767 1511 1830 dos
1533 1766 1615 1830 διεῖδε
1636 1766 1688 1830 irie
1709 1767 1902 1830 ebornincri.

153 1853 335 1938 gebrauclrt
359 1850 484 1918 Paulus
506 1852 549 1916 ad
572 1851 690 1917 Titum.
735 1852 801 1916 Die
827 1853 947 1917 Medici
976 1850 1164 2005 broaclicup
1277 1850 1323 1916 Es
1344 1855 1387 1916 ist
1408 1852 1491 1916 nocie
1512 1853 1564 1916 eiu
1586 1853 1799 1917 anderemo.-
1819 1851 1961 1916 Ἑκάσιου
1983 1854 2067 1936 βῆμα
2089 1852 2175 1941 αὐτῷ

155 1961 238 2025 zwep
260 1948 393 2013 morter,
416 1939 566 2003 aversari
588 1951 622 2004 et
633 1959 811 2018 nauseare,
833 1937 1084 2023 ἀποστρέφεσθαι
1105 1950 1138 2002 et
1160 2010 1163 2028 Ι
1189 1944 1310 2022 plantor
1330 1938 1436 2018 μήλου.
1488 1938 1682 2003 Um'cau'iibet
1703 1958 1792 2003 suram
1825 1947 1952 2004 stercus
1973 1941 2100 2004 dulcius
2122 1947 2175 2004 eut

154 2029 290 2091 ναυτιᾶν.
334 2025 510 2090 Nauseare
531 2023 609 2110 plus
632 2037 696 2104 est,
718 2045 817 2110 quam
839 2027 1008 2102 aversari,
1026 2044 1137 2108 quam·
1160 2038 1164 2108 ξ
1188 2046 1284 2110 pomo
1306 2045 1419 2103 carco,
1440 2025 1561 2089 miecio
1579 2024 1835 2090 scbduiiebiicbe
1844 2033 2041 2109 mauolt.
2067 2026 2175 2093 Suum

155 2134 253 2197 quam
275 2112 517 2197 propemodum
538 2113 647 2176 vicina
670 2122 757 2176 sunt.
801 2109 848 2190 lu
870 2112 958 2188 ebert,
981 2113 1033 2175 uls
1050 2129 1139 2174 weita
1161 2114 1164 2195 ξ
1190 2114 1309 2197 cuique
1326 2108 1515 2195 pulchrum,
1538 2110 1648 2174 Eiumu
1665 2112 1780 2175 fedam
1802 2111 1939 2176 Narrat
1954 2108 2056 2196 gefelt
2085 2114 2176 2177 aeine

155 2201 245 2263 einer
264 2218 393 2283 praueu
416 2195 478 2279 fur
506 2199 605 2263 duan
627 2197 706 2283 einp
727 2197 793 2264 tut
838 2197 933 2263 Sicut
954 2217 1039 2276 nos,
1063 2217 1138 2262 cum
1161 2200 1163 2265 ἶ
1190 2197 1280 2263 loide
1312 2197 1402 2261 wohl.
1465 2197 1575 2262 Εἰηεηι
1607 2198 1721 2261 iadau
1746 2197 1918 2278 sautoatmt
1952 2197 2063 2262 ruaobt
2102 2200 2176 2264 sein

153 2283 299 2351 efrumus
322 2287 355 2350 in
378 2284 565 2357 Kucitau,
588 2304 694 2368 propo
714 2285 943 2371 lilarpurgum,
965 2294 1000 2349 et
1021 2281 1138 2348 offere·
1161 2296 1164 2317 ²
1190 2282 1289 2350 dreclt
1311 2284 1431 2361 baasor,
1450 2285 1534 2347 darm
1556 2286 1608 2348 eiu
1624 2293 1822 2367 pauimenta.
1885 2284 1987 2350 Scitis
2018 2286 2176 2372 gratissi·

152 2381 207 2439 tur
228 2372 326 2437 uobis
349 2391 447 2436 mane
469 2370 534 2435 oil'a
557 2370 738 2449 Hessiaca‚
772 2371 924 2435 dicebam
953 2371 996 2435 ad
1019 2368 1139 2433 Osian·
1162 2375 1164 2437 i
1189 2392 1277 2437 mum
1301 2390 1379 2434 esse
1402 2371 1538 2436 odorem
1561 2383 1594 2435 et
1616 2390 1770 2455 saporem
1794 2371 1882 2455 pomi
1905 2373 2007 2436 aurei.

154 2457 269 2524 tirum:
292 2457 437 2523 Domine
456 2457 606 2536 Andron,
627 2454 731 2522 nolite
749 2459 936 2531 comedere,
959 2458 1013 2522 die
1034 2474 1072 2519 aa
1121 2477 1140 2522 e
1162 2510 1164 2515 .
1276 2456 1351 2521 Non
1374 2476 1553 2539 possumus
1573 2457 1656 2522 satis
1680 2477 1741 2522 exa
1769 2476 1889 2542 gerare
1909 2455 2090 2542 Empbasin
2112 2478 2176 2523 vo·

152 2546 198 2610 iat
220 2540 707 2629 miraculumque-1110
730 2544 841 2608 statim
864 2543 984 2609 abiecit
1009 2561 1072 2607 coc
1108 2542 1164 2617 a!
1191 2539 1312 2608 cabuii.
1379 2542 1545 2608 Hebraica
1578 2479 1819 2608 consuetudine
1845 2555 1987 2608 vocatur
2006 2542 2176 2628 βδέλυγμα,

151 2634 203 2711 ar,
225 2633 289 2697 das
310 2631 393 2698 least
413 2633 582 2708 aversari3
603 2650 692 2696 cocao
713 2650 748 2696 es
770 2629 997 2695 vehementius
1020 2628 1083 2710 iri,
1101 2652 1139 2698 ao
1161 2635 1164 2718 j
1190 2648 1289 2694 omne
1311 2625 1453 2701 idolum,
1476 2631 1524 2693 sie
1545 2629 1648 2694 iadau
1666 2631 1775 2693 aliaue
1797 2649 1814 2691 a
1835 2630 1889 2694 die
1909 2627 2002 2694 idola
2018 2638 2177 2715 perennet

150 2717 252 2783 lteisis
273 2738 409 2785 nausea.
455 2717 590 2783 Nausea
611 2728 665 2782 cst
685 2738 706 2782 a
723 2718 844 2781 ναυτιᾶν
865 2719 1021 2787 vuvnuira
1048 2721 1163 2784 navi-¹
1191 2714 1399 2799 Soliiicleuzim,
1432 2714 1627 2798 βδελδγματα.
1683 2716 1745 2781 Die
1807 2716 1885 2781 atini
1917 2714 2020 2780 bobert
2052 2736 2087 2781 es
2117 2737 2176 2801 pe-

150 2806 229 2885 bus,
261 2824 325 2870 voa
347 2805 420 2870 dero
438 2803 613 2886 pertonuit,
646 2805 707 2869 der
733 2805 840 2869 auden
860 2806 895 2869 in
913 2805 975 2869 dm
996 2804 1139 2888 aciliffeu
1190 2801 1299 2867 macta
1319 2803 1534 2868 abominatio.
1585 2801 1644 2866 Wo
1661 2803 1715 2867 dia
1735 2811 1819 2867 wore
1843 2801 1945 2866 sceler
1966 2803 2000 2866 iu
2022 2803 2176 2888 Scriptu-

150 2892 207 2970 ist,
228 2912 250 2956 a
272 2891 403 2956 sentina
424 2888 495 2972 ilia,
518 2901 908 2976 quaemovetnauseam,
931 2894 983 2956 eiu
1000 2913 1139 2978 praescr
1191 2908 1241 2959 ra,
1274 2889 1320 2953 da
1352 2890 1484 2953 redeam
1504 2887 1647 2964 idolum3
1680 2897 1714 2952 et
1737 2898 1789 2951 est
1811 2883 2005 2972 bletalepsis
2028 2890 2070 2954 ab
2094 2888 2175 2954 effe·

150 2973 462 3063 pestorrclc,dur1‘rtr
485 2976 715 3043 ciuemeaielt.
783 2977 818 3041 ln
848 2977 1007 3043 odoribus
1036 2977 1137 3043 facile
1190 2983 1258 3054 utu,
1281 2975 1370 3060 quod
1392 2974 1486 3039 Deua
1508 2975 1718 3038 abominatur
1738 2969 1845 3039 idola:
1880 2973 1960 3039 Gott
1988 2974 2089 3039 aclelt
2103 2976 2176 3040 und

153 3074 207 3130 est
228 3061 411 3131 intellectu.
1187 3062 1334 3146 graawel
1364 3057 1486 3141 daim,
1521 3072 1555 3124 et
1576 3057 1665 3137 vult,
1699 3071 1735 3123 ut
1757 3081 1821 3125 nos
1843 3061 1941 3125 etiam
1964 3058 2173 3146 refugiamus

1057 3193 1061 3201 .
1189 3145 1279 3212 idola
1302 3166 1377 3211 cum
1400 3165 1521 3256 magna
1542 3145 1773 3211 commotione.
1843 3145 1913 3211 Una
1933 3149 1985 3252 poi
2007 3147 2172 3252 euclide·

113 3278 124 3364 1
154 3272 272 3378 Quae
304 3286 368 3358 est
398 3303 551 3378 caussa,
583 3274 694 3385 quod
710 3287 854 3358 narra
872 3274 1017 3359 odores
1048 3307 1137 3360 ma·
1170 3228 1627 3403 ''fadillasslilb‘ssl
1642 3230 2176 3386 {titatiititiitiitiitt

512 3396 571 3479 los
602 3393 779 3506 refugit?
1190 3417 1299 3472 statua
1332 3405 1476 3484 illariae,
1509 3407 1556 3470 du
1587 3406 1664 3470 siud
1693 3405 1747 3469 die
1778 3405 1845 3470 laut
1864 3405 2083 3490 ntpeluuffeu,
2118 3408 2174 3472 uls

555 3560 558 3566 ,
1189 3511 1278 3556 acuo
1294 3493 1343 3558 aie
1362 3511 1467 3557 wareo
1487 3493 1639 3577 truannip
1659 3493 1800 3557 umam
1866 3489 2031 3557 Diabolus
2059 3493 2174 3557 iniecit

167 3574 172 3581 ’
241 3574 327 3652 Quia
348 3589 501 3665 pugnant
523 3599 596 3644 aum
615 3589 876 3663 temperamento
900 3581 1043 3646 cerebri.
1077 3579 1137 3646 Ce
1188 3576 1253 3643 iilis
1286 3576 1446 3657 iurarem,
1481 3590 1514 3644 at
1534 3581 1705 3644 iacuenmt
1733 3578 1778 3642 ibi
1801 3589 1878 3642 anto
1901 3589 2045 3643 statuam
2066 3577 2173 3664 longo

152 3665 288 3731 rubrum
311 3676 365 3730 est
386 3664 541 3751 quiddam
559 3676 678 3731 natura
700 3663 779 3745 tale,
803 3666 892 3751 quod
914 3676 1003 3730 amat
1027 3667 1135 3733 bonos
1188 3677 1350 3749 tempore,
1373 3675 1408 3731 et
1429 3676 1548 3748 postea
1569 3665 1612 3730 ad
1635 3685 1673 3729 sa
1698 3665 1875 3730 redieruut.
1942 3663 2092 3750 Aliquis,
2114 3666 2173 3750 qui

152 3753 289 3830 odores,
313 3752 390 3836 quia
411 3764 464 3815 est
487 3772 648 3836 organum
671 3748 829 3818 olfactus.
852 3752 1034 3818 Gerebrum
1056 3752 1136 3819 mul·
1188 3763 1308 3834 postea
1327 3770 1514 3816 conversus
1537 3761 1590 3816 est
1611 3751 1654 3815 ad
1676 3751 1877 3837 agnitionem
1907 3771 2010 3815 verae
2034 3751 2172 3818 invoca-

152 3847 221 3903 tum
253 3859 296 3902 ex
330 3839 489 3902 odoribus
521 3839 671 3910 iuvatur,
706 3839 840 3923 quanda
863 3850 942 3903 sunt
964 3839 1134 3905 moderati.
1188 3838 1302 3913 tionis,
1325 3847 1359 3901 et
1381 3838 1518 3923 cogitat,
1542 3835 1650 3923 qualis
1673 3838 1718 3901 sit
1739 3834 1797 3901 iila
1818 3835 2026 3916 idololatria,
2049 3835 2172 3904 cobor-

69 3977 74 3983 .
152 3923 200 3990 Ea
220 3925 265 3987 iat
287 3930 338 3990 eiu
356 3932 416 4010 qut
438 3923 575 3988 lostliclr
596 3925 675 4010 diup
703 3926 783 3991 boni
812 3926 947 3990 odoros.
992 3926 1134 4011 Sapiens
1188 3926 1290 3989 rescit
1311 3935 1381 3988 toto
1406 3942 1559 4009 corpora.
1604 3923 1679 4010 Ego
1702 3934 1773 3988 toto
1796 3934 1934 4007 pectore
1951 3924 2172 4004 cohorreseo,

151 4010 342 4096 antiquitas,
378 4032 465 4096 qnae
487 4011 640 4076 ordinate
662 4011 759 4091 vixit,
793 4008 894 4076 raldo
921 3994 1133 4078 multum'de-
1189 4010 1357 4097 cogitans,
1380 4011 1548 4096 quomodo
1572 4010 1815 4075 excurrerimus
1838 4011 1881 4074 ad
1909 4020 2049 4075 statuas.
2112 4008 2173 4075 Sic

149 4094 276 4162 luctata
298 4109 350 4187 est
373 4098 541 4173 odoribus
564 4107 601 4163 ut
623 4094 739 4163 mulier
761 4094 820 4162 illa
846 4098 940 4186 augit
964 4095 1134 4164 Christum
1188 4097 1287 4163 debet
1309 4097 1342 4161 in
1366 4098 1464 4162 uobis
1486 4115 1566 4160 esse
1587 4095 1721 4180 quidam
1743 4097 2042 4163 horroradrersuo
2064 4093 2172 4162 idola.

151 4183 187 4250 in
219 4182 392 4268 passione,
423 4195 457 4249 et
485 4181 674 4250 babuerunt
706 4183 968 4268 pretiosissimos
997 4185 1133 4251 odores.
1567 4212 1572 4219 ·
1621 4260 1625 4267 ¹

151 4264 337 4337 Gerebrum
361 4279 414 4335 est
434 4281 553 4336 natura
575 4267 654 4350 tale,
688 4281 725 4334 ut
756 4267 899 4357 refugiat
920 4291 988 4335 non
1013 4290 1135 4337 conve·
1466 4267 1560 4365 ,γης
1589 4268 1692 4364 MS!
1719 4270 1888 4365 idolum?

150 4356 286 4421 nientia.
331 4356 490 4422 Mr'tdem
512 4358 727 4423 casanistae
744 4357 827 4422 aucit
853 4356 950 4422 ieicbt
975 4367 1135 4423 maerste-
1536 4366 1540 4373 '

150 4432 235 4530 lieni
268 4462 344 4509 nam
375 4441 536 4530 orificium
559 4440 753 4522 ventriculi,
780 4444 871 4529 quod
895 4454 949 4508 ost
972 4464 1135 4530 organum
1276 4440 1340 4507 Eia
1360 4442 1484 4527 udyott,
1506 4461 1542 4506 es
1562 4440 1647 4508 liciat
1667 4447 1759 4506 roua
1775 4439 1930 4520 ciubiidt
1947 4437 2105 4505 videlicet
2119 4450 2173 4505 ta·

150 4530 375 4617 appetentiae,
393 4529 490 4595 etiam
513 4528 636 4617 refugit
658 4549 727 4595 nou
749 4529 992 4596 convenientia.
1016 4529 1135 4614 tltltirft·
1187 4524 1231 4594 lia
1253 4537 1373 4607 statua,
1395 4526 1450 4593 rel
1472 4528 1619 4612 pictura,
1649 4525 1704 4593 rel
1726 4542 1944 4612 quaecuuque
1965 4544 2022 4591 ras
2044 4535 2171 4606 ereata,

148 4639 193 4680 ru
215 4614 298 4683 beria
318 4634 496 4682 nauseare.
1189 4634 1276 4699 quae
1298 4611 1421 4680 colitur
1440 4624 1610 4700 tamquam
1632 4612 1739 4694 Deus,
1759 4612 1815 4680 rel
1836 4610 2039 4700 quasiDaua
2061 4632 2101 4678 se
2122 4608 2172 4676 al-

165 4708 212 4725 ·''
1189 4700 1346 4788 ligaverit
1377 4700 1422 4765 ad
1436 4715 1439 4719 ·
1455 4699 1547 4764 iilam
1581 4718 1664 4779 rem,
1697 4699 1820 4765 ubire
1841 4718 1908 4762 non
1930 4695 2083 4786 alligavit
2104 4717 2170 4765 suo

490 4788 616 4889 Πῃᾱβ
645 4789 788 4879 venit?
1122 4810 1125 4815 ·
1160 4789 1302 4854 averbe.
1346 4788 1410 4852 Die
1425 4785 1556 4853 Heideu
1575 4786 1652 4852 sind
1673 4785 1762 4850 uicltt
1788 4802 1827 4850 so
1847 4784 1996 4850 nmrfuoli
2017 4802 2170 4871 pemati,

187 4950 192 4961 ,
603 4882 608 4893 “
708 4902 723 4911 ”
742 4926 746 4932 .
765 4865 796 4951 ’,
1189 4885 1226 4940 ut
1246 4884 1403 4959 putarent
1434 4870 1518 4938 illud
1550 4870 1677 4961 lignum
1710 4869 1766 4936 rel
1799 4891 1840 4937 aa
1861 4889 1940 4936 asse
1963 4868 2083 4950 Deum,
2106 4871 2169 4936 sed

169 4952 207 5041 ⁴³1
237 4959 269 5023 A
290 4957 384 5044 βδέω,
407 4961 441 5026 id
463 4964 668 5045 crt‘crepo,
693 4960 799 5045 pedo,
822 4955 953 5042 scirtari.
1020 4961 1065 5027 Ea
1092 4957 1139 5026 tu
1190 4981 1210 5027 c
1268 4968 1380 5049 tarunt
1402 4957 1511 5025 Deum
1532 4974 1572 5025 se
1593 4956 1755 5045 alligasse
1773 4958 1816 5023 ad
1838 4954 1928 5023 illam
1945 4976 2027 5036 rem,
2046 4969 2079 5021 et
2100 4953 2170 5024 vel·

148 5040 312 5113 dtr'utter
332 5046 426 5113 uerae
453 5044 578 5201 ”ff
592 5045 742 5127 mortu
761 5046 912 5135 φέδγοοσα
936 5048 1138 5135 πονηρότατον
1188 5043 1233 5114 le¹
1276 5047 1295 5110 i·
1310 5040 1544 5113 culissldolum
1564 5055 1631 5126 est,
1651 5058 1719 5110 uua
1730 5054 1855 5110 tantum
1871 5042 2057 5130 imaginari,
2079 5042 2169 5130 quod

149 5118 229 5217 dlii,
251 5122 367 5212 td'e'tt,
387 5128 473 5199 iel‘ed
610 5135 800 5220 &possitue
817 5134 920 5220 pediti
952 5134 999 5200 Ea
1018 5136 1064 5202 ist
1079 5140 1137 5220 pt·
1187 5130 1244 5200 illa
1266 5153 1324 5200 rea
1345 5133 1520 5213 altilibus,
1537 5122 1884 5219 ead-quodbeustut
1905 5144 1947 5196 so
1967 5126 2167 5215 alligaverit,
