4620 5588
116 220 120 229 .
158 170 225 241 “i
344 234 352 240 ,
798 167 910 237 PlllL.
932 168 1036 235 ritib.
1059 168 1249 238 settim
1268 167 1533 236 nmisios
2104 167 2177 236 'bib
2217 270 2220 274 ‚

159 370 273 449 potest
284 356 418 446 chylum
430 369 628 425 convertere
650 359 683 423 in
693 359 904 463 aanpninem:
927 358 1005 445 qaia
1025 358 1140 426 vidam
1280 356 1428 438 Quaem,
1453 378 1498 424 an
1519 368 1637 444 peccet

158 447 286 534 primas
308 445 471 512 coctionis
482 464 550 511 non
562 445 741 532 corrigitur
762 465 795 510 ru
807 445 957 511 secunda
973 445 1140 512 coctione:
1192 442 1281 511 mala
1303 444 1432 511 diaetai
1474 442 1533 511 lta.
1577 378 1760 529 Brgdqllic
1791 442 1997 531 hydropicus
2030 445 2175 511 debebat

158 552 254 602 ιιιιι
274 535 328 600 die
359 535 464 599 iricio
483 532 517 596 in
545 528 729 599 ventriculo
762 535 855 599 nteit
876 534 969 598 reoli
996 535 1141 610 ebriet,
1192 552 1335 617 poenam
1355 528 1464 610 luere,
1483 541 1533 611 at,
1552 531 1612 619 qni
1632 528 1763 598 iuratae
1783 543 1850 611 eat,
1868 531 2099 618 supenditur.

159 621 507 689 nmarrdtelrocm
529 620 562 684 in
584 629 682 704 epate
713 620 875 685 cariati.
943 616 953 637 ⁸
1037 624 1141 686 iaceat
1830 664 1834 675 .
1920 647 1923 653 ·
2126 643 2128 647 ·

159 709 320 788 noemi,
343 717 380 808 ιι
398 724 466 771 non
488 715 599 790 potest
631 724 673 807 ex
696 699 796 790 chyln
819 705 924 772 crudo
957 725 1061 812 'care
1083 705 1141 770 bo·

159 809 480 962 iittitttttit,
514 787 1140 964 i¹itt¹·i²ttiit.⁸”0ititif
1255 861 1392 967 Quare
1437 862 1561 977 igitur
1606 861 1792 948 ohaam
1827 875 1947 949 snat
1988 859 2116 957 sumt

160 964 301 1049 dropici,
336 984 410 1029 curn
433 960 533 1029 valde
565 963 788 1029 intumuerant
809 965 960 1061 membra
981 983 1139 1040 canrosa,
1435 1048 1442 1063 .

63 1089 65 1093 ·
159 1050 332 1117 tabefiunt.
376 1048 568 1136 Hydropem
595 1049 745 1134 sequitur
772 1048 886 1126 tabem
918 1050 995 1136 quia
1017 1068 1141 1134 corpus
1279 1043 1485 1132 etamplius
1506 1057 1737 1134 argumentum

159 1135 400 1290 attriti
430 1131 817 1308 lanimem
836 1147 966 1290 ιι.
983 1133 1142 1306 ιιι
1323 1171 1533 1321 Ἢ
1563 1168 1680 1236 meu
1706 1169 1859 1257 aaa
1880 1169 2029 1265 aaa
2060 1173 2176 1255 sero

158 1324 268 1390 ιιιιιι,
288 1319 402 1391 iancea
422 1314 632 1393 tamefactmn
649 1311 786 1392 pedena·
817 1310 896 1395 quia
928 1307 1141 1392 superfluitas
1324 1338 1416 1411 Qw
1436 1343 1524 1409 mm
1543 1341 1675 1423 mus
1699 1358 1809 1426 W
1828 1342 1968 1409 dom
1988 1348 2082 1412 m

160 1396 336 1466 descendit
355 1395 388 1461 in
411 1396 533 1480 pedcsr
555 1405 589 1460 et
606 1396 683 1480 quia
706 1413 831 1480 corpus
851 1392 1040 1474 nonalitnr,
1062 1414 1141 1462 con·
1672 1391 1698 1424 ''

158 1482 338 1550 tabescam
360 1500 505 1547 carnosa
526 1482 685 1559 membra,
705 1491 740 1547 et
761 1491 871 1547 tamon
886 1501 1010 1567 corpus
1026 1477 1141 1567 imple·
1166 1490 1168 1495 ⁴
1199 1474 1280 1546 Woe
1301 1479 1395 1544 einer
1420 1479 1589 1546 oerdieaet
1604 1480 1677 1561 ilat,
1700 1482 1752 1545 mi
1770 1484 1863 1546 emer
1880 1474 2036 1563 pedatim
2059 1480 2176 1567 leodem

160 1568 364 1637 tarsitioso.
381 1564 531 1634 humore.
1192 1562 1285 1651 Ergo
1317 1583 1382 1629 nos
1415 1585 1490 1631 cum
1512 1565 1676 1652 patiacum
1697 1576 1836 1650 propter
1856 1563 1999 1645 delicta,
2031 1584 2099 1632 noo
2121 1565 2177 1632 de-

190 1696 194 1705 ·
246 1652 321 1740 ligo
342 1654 422 1719 novi
448 1655 481 1718 in
513 1672 587 1719 mea
610 1653 719 1737 patria
751 1649 920 1719 mulierem
956 1654 1077 1723 bonam
1108 1663 1143 1718 et
1194 1651 1310 1717 bemus
1330 1661 1445 1736 petere
1476 1647 1719 1719 liberationem.
1773 1650 1912 1732 Nonne,
1944 1653 2079 1739 quando
2096 1651 2177 1739 qaia

160 1752 303 1820 sestam,
321 1760 407 1826 quae
428 1741 576 1826 quinque
595 1757 716 1818 annos,
748 1749 806 1806 aut
833 1736 976 1825 amplius
997 1739 1143 1806 babebat
1193 1747 1342 1804 vestrum
1375 1737 1539 1823 peccavit,
1566 1748 1601 1803 et
1632 1748 1773 1805 vocatur
1804 1741 1837 1804 in
1858 1739 2113 1816 consistorium
2145 1738 2177 1804 si

160 1837 290 1895 starum
312 1846 486 1911 magnum,
520 1836 555 1892 et
587 1827 765 1912 putabatur
786 1837 923 1914 gestare
944 1839 1142 1893 monstranti
1192 1833 1246 1889 est
1268 1841 1361 1888 nuens
1384 1825 1487 1901 bona,
1510 1823 1644 1889 subiicit
1664 1843 1704 1891 se
1724 1843 1857 1910 poenae
1879 1838 1914 1891 et
1933 1824 2029 1893 dicite
2045 1824 2177 1913 Magai-

161 1924 337 1979 crescente
359 1913 455 1978 Luna
477 1924 594 1977 venter
621 1910 719 1977 etima
741 1913 933 1992 crescebat,
960 1924 996 1979 et
1026 1913 1143 1979 decre·
1193 1907 1258 1975 fios
1280 1905 1426 1977 Domine
1453 1908 1598 1990 Rector,
1630 1909 1703 1997 Ego
1734 1906 1845 1976 fateor
1875 1933 1929 1977 me
1951 1908 2177 1997 imbecillitate

159 2009 278 2064 scente
299 1997 407 2077 Luna,
428 1998 527 2065 etiam
549 1998 779 2065 decrescebat.
827 1996 906 2063 Mea
926 2010 1032 2065 mater
1053 1998 1144 2062 dedit
1190 2006 1229 2086 ‘et
1245 1995 1324 2063 vitio
1346 1997 1464 2060 aetatis
1492 1996 1557 2060 hoc
1580 1994 1721 2081 secisse,
1750 1996 1828 2063 volo
1854 1998 2105 2085 patipoenamt
2132 2000 2178 2065 So

160 2087 192 2151 ei
223 2082 301 2170 plns
329 2083 450 2150 millies
485 2081 752 2170 eleemosynam
784 2085 885 2150 credo
918 2105 991 2150 earn
1018 2085 1139 2150 vitioso
1194 2090 1270 2162 root
1287 2084 1350 2148 der
1371 2078 1511 2166 Rectam
1542 2084 1767 2164 petritum
1790 2103 1981 2160 cancroma
2021 2086 2118 2150 Wemt
2140 2105 2177 2150 er

160 2184 242 2259 potu
263 2172 485 2236 accersivissa
506 2172 667 2235 morbum.
723 2171 904 2255 Postquam
928 2183 980 2236 est
1002 2181 1143 2249 ntorum,
1193 2171 1293 2234 scion
1315 2171 1359 2233 do
1379 2169 1482 2241 aitset,
1510 2189 1548 2234 ιι
1572 2168 1694 2236 michea
1726 2173 1792 2236 idm
1822 2172 1899 2238 iteitt
1931 2173 2006 2238 dein
2026 2179 2177 2256 mtswey.

161 2268 217 2324 est
244 2271 382 2323 sectaa
403 2256 589 2342 chirurgia,
621 2256 682 2320 sed
710 2254 791 2323 nibil
824 2258 1052 2344 reperiebatur
1079 2258 1143 2321 nisi
1194 2254 1243 2319 lta
1264 2274 1341 2331 nos,
1363 2275 1439 2321 cum
1460 2255 1621 2340 patiantur
1642 2265 1779 2343 propter
1801 2266 1920 2323 nostra
1942 2252 2080 2334 delicta,
2109 2277 2176 2321 non

159 2364 260 2496 itit:
296 2341 787 2496 iiiitttittttmt
804 2345 1142 2495 „titiuttttttt
1192 2336 1876 2495 iitittttt‘tiiiiiii,¹23⁰
1892 2344 2178 2495 ti'ittitttitt

160 2481 259 2602 quern
272 2450 476 2581 qobservare
508 2516 679 2580 debemus.
735 2514 821 2582 Sunt
854 2513 945 2581 multi
979 2473 1143 2595 homines:
1194 2523 1420 2600 peccatorum,
1443 2447 1478 2578 dt
1499 2515 1728 2581 remissionem
1748 2449 1897 2600 poentdd⁶
1933 2487 2055 2596 Proba,
2097 2519 2179 2583 Nolo

77 2605 83 2612 '
184 2604 217 2668 ui
247 2600 329 2666 liunt
362 2599 535 2689 hydropici
570 2622 612 2665 ex
645 2598 734 2666 nralo
757 2615 791 2667 et
825 2603 1012 2679 inordinato
1041 2603 1142 2668 victu.
1192 2608 1326 2666 mortem
1338 2605 1532 2683 peccatoris,
1551 2613 1616 2667 otc.
1661 2599 1760 2666 itemt
1790 2605 1864 2670 Nm
1890 2604 2001 2669 delebo
2021 2610 2067 2676 te,
2101 2607 2178 2686 osio

161 2621 288 2753 diones
321 2688 499 2766 adhortor,
540 2708 583 2751 ne
610 2683 810 2767 lucubratiS,
843 2700 878 2754 et
909 2689 1044 2772 vesperi
1077 2689 1155 2755 cito.
1194 2688 1284 2753 berc
1305 2705 1364 2766 eoo
1384 2704 1463 2768 emo,
1484 2695 1518 2752 ei
1537 2707 1602 2753 ιιι
1623 2690 1725 2754 leonto

161 2775 245 2841 eatis
279 2776 441 2854 cubitum,
473 2794 511 2840 ro
531 2775 662 2855 ecbiefft
690 2781 781 2840 ιιιιν
809 2781 927 2857 acam,
958 2777 1028 2841 mod
1047 2778 1145 2842 wirot
1281 2770 1436 2837 Secunda
1464 2770 1588 2839 solutio
1612 2784 1683 2839 ast:
1713 2771 1886 2839 Debemus
1907 2784 2022 2857 petere
2048 2773 2178 2859 mitiga·

160 2863 252 2928 aicit
262 2864 454 2943 oeeciioyco
487 2865 560 2942 ooff
588 2862 651 2924 der
677 2880 808 2942 possen,
841 2872 874 2926 et
892 2863 993 2926 utitur
1014 2858 1144 2926 meliori
1194 2857 1331 2937 tionem,
1353 2859 1483 2924 etiamsi
1504 2858 1917 2926 nonomniuoliberenrur·.
1947 2857 2042 2926 Siout
2052 2856 2177 2927 multae

159 2945 361 3013 ualetudine.
427 2944 676 3011 Lucubratione
716 2943 794 3010 nihil
831 2959 884 3012 est
923 2947 1142 3030 perniciosius
1218 2963 1324 3021 cenae
1351 2954 1495 3008 manant.
1552 2941 1654 3011 Tales
1687 2957 1765 3011 sunt
1796 2945 2006 3031 precationes
2038 2941 2118 3013 illas
2143 2947 2178 3012 in

152 3032 373 3115 corporibus,
390 3033 463 3097 sive
484 3030 640 3117 vagando
663 3029 696 3095 in
719 3027 852 3114 plateis,
874 3033 948 3098 sive
970 3033 1144 3112 discendo,
1194 2964 1361 3096 l’satmts:
1403 3028 1563 3108 Domine,
1590 3051 1634 3097 ae
1665 3037 1700 3098 in
1724 3037 1845 3116 pictore
1875 3038 1932 3098 too
1962 3048 2084 3114 maana
2114 3051 2177 3100 me.

156 3115 228 3203 ¹ltoc
251 3128 381 3204 tempus
404 3117 651 3183 consummatis.
696 3117 864 3184 Osiander
878 3120 923 3183 ita
934 3120 1066 3269 abrupit
1079 3119 1142 3184 sibi
1194 3114 1291 3182 item=
1313 3117 1458 3198 Borrine,
1479 3123 1515 3183 ta
1535 3120 1654 3184 mdtcto
1674 3120 1806 3203 ιιπίιι
1821 3137 1882 3202 me,
1908 3136 1974 3186 troo
1995 3125 2031 3185 br
2048 3114 2176 3202 smero,

159 3203 273 3270 vitam.
327 3200 475 3309 Sotcbm
500 3204 692 3270 incumbere
723 3203 861 3284 stodiis,
903 3203 994 3271 circa
1050 3226 1142 3270 oram
1193 3222 1237 3269 ae
1251 3203 1303 3306 'od
1321 3204 1620 3307 otidumrediocr.
1675 3202 1749 3269 Nos
1781 3204 1912 3271 etiamsi
1946 3207 2072 3271 nostrie
2100 3224 2178 3292 pec·

155 3286 1144 3462 immittit?¹¹titt:¹¹2utttttsiti'ttmti
1166 3351 1172 3436 t
1196 3291 1844 3456 {mittitete-‘tit„itit
1859 3302 2178 3464 „imitemini

160 3462 422 3551 mnsAugustae
442 3465 475 3530 in
490 3474 669 3529 conventu.
701 3459 803 3528 illane
813 3464 988 3550 surgebat,
1010 3464 1143 3548 qnando
1195 3473 1230 3526 et
1250 3471 1422 3544 peccatum
1444 3473 1479 3526 et
1499 3481 1641 3546 poenam
1673 3464 1822 3550 peccati,
1854 3475 1911 3530 ant
1937 3476 2029 3530 certe
2051 3464 2179 3550 mitiget

161 3560 234 3616 erat
251 3551 345 3616 cibus
363 3551 537 3636 appositus
564 3549 609 3617 ad
641 3568 808 3624 mensam3
841 3548 1069 3617 descendebat
1102 3550 1153 3639 de
1194 3543 1284 3627 illis,
1311 3547 1366 3632 qui
1398 3560 1650 3617 convertuntur.
1698 3549 1775 3615 liic
1813 3551 1934 3617 scitoto
1964 3551 2126 3616 dictante.
2141 3553 2182 3619 Hi

160 3634 279 3717 scalis,
308 3646 343 3701 et
376 3638 533 3722 gestabat
566 3632 694 3723 caligas
723 3635 890 3720 repositas
922 3636 957 3701 ln
984 3633 1142 3702 brachiis.
1192 3642 1327 3720 pecom
1358 3643 1468 3702 cestra
1490 3641 1622 3720 fuerim
1650 3644 1689 3703 itt
1705 3641 2177 3717 manumittimus,
2269 3653 2271 3657 ·

160 3721 319 3789 Solebam
341 3723 453 3789 dicere
475 3724 518 3787 ad
540 3743 630 3789 eum:
653 3726 789 3788 Domine
803 3725 946 3801 Andreo,
969 3726 1027 3788 lltr
1047 3726 1148 3790 iettet
1195 3726 1289 3788 eritir
1309 3723 1442 3788 condidi
1461 3731 1497 3788 ut
1515 3729 1600 3791 nic:
1620 3723 1654 3788 id
1676 3733 1740 3800 est,
1762 3723 1791 3786 si
1815 3744 1878 3789 roo
1900 3719 2027 3789 fueritis
2048 3720 2179 3790 onerati

159 3811 214 3876 dte
237 3829 361 3893 suppeto
389 3814 498 3876 ociter
524 3811 745 3891 oerrcimffem
800 3806 1053 3894 Respondebat:
1088 3811 1144 3876 icil
1195 3808 1230 3874 in
1253 3807 1382 3892 poenis,
1403 3819 1440 3874 ut
1459 3803 1546 3873 latro
1567 3809 1601 3874 in
1624 3818 1698 3875 rota
1714 3820 1766 3874 est
1784 3820 1936 3888 euentus,
1958 3819 2069 3876 tetum
2086 3804 2179 3877 eritis

160 3897 240 3965 meir
261 3898 314 3963 die
336 3899 410 3963 Zeit
424 3899 508 3963 nott
526 3915 567 3962 ιι
588 3901 718 4044 tressera,
751 3904 785 3960 et
818 3892 970 3961 hilariter
997 3896 1140 3980 prande·
1195 3893 1385 3978 catrdidiut
1406 3895 1478 3958 ntxz
1511 3907 1548 3959 ut
1568 3892 1696 3967 David.
1728 3897 1863 3981 quando
1898 3892 2009 3962 estin
2042 3894 2179 3965 esiliam

159 3984 232 4063 bat,
265 3995 299 4046 et
328 3983 482 4061 bibebat,
520 3993 556 4048 ut
587 3979 644 4046 Mo
659 3976 827 4048 ancbolici
874 3993 953 4047 sunt
989 4002 1144 4049 voraces.
1196 3974 1331 4067 pulsusz
1366 3980 1465 4059 item,
1498 3981 1630 4066 quondo
1658 3979 1838 4048 Monaeses
1873 3993 1926 4048 est
1954 3992 2093 4066 captus,
2124 3994 2180 4048 est

78 4092 81 4097 ·
158 4066 282 4147 Postea
299 4068 369 4134 ibat
379 4064 639 4147 deambulatum,
660 4087 759 4134 unam
777 4064 834 4133 vel
852 4065 991 4134 alteram
1010 4066 1144 4150 boram3
1196 4076 1371 4132 cruentus:
1410 4073 1488 4137 roie.
1507 4073 1562 4134 oin
1608 4077 1831 4135 seretoeaener
1867 4071 1938 4136 med
1971 4072 2178 4137 ιειυιιιίίιν

155 4152 271 4222 ltertla
305 4153 359 4220 uei
380 4167 501 4242 quarta
523 4154 607 4221 bora
629 4150 785 4242 legebat,
819 4152 876 4220 vel
893 4154 1064 4221 scribebat
1085 4151 1145 4220 aii·
1195 4154 1345 4221 iiorder:
1378 4150 1416 4218 fit
1437 4162 1548 4218 tamcn
1580 4155 1743 4220 candidus
1765 4165 1802 4222 ut
1823 4154 1897 4235 nix,
1925 4154 2060 4241 quando
2093 4155 2180 4222 rodit

159 4243 254 4329 quid:
292 4253 412 4326 postea
447 4243 636 4321 coenabat,
675 4253 708 4307 et
746 4241 838 4306 circa
875 4241 993 4307 horam
1032 4242 1145 4308 noctis
1197 4239 1348 4320 domum,
1383 4250 1417 4306 et
1449 4238 1572 4325 accipit
1609 4241 1842 4307 remissionem
1896 4252 2107 4321 eccatornm,
2145 4252 2180 4308 et

17 4337 20 4340 ”
158 4348 283 4394 nonam
303 4329 422 4395 iterum
445 4329 489 4394 ad
511 4328 623 4394 studia
648 4326 789 4393 redibat.
841 4325 967 4394 Factus
996 4339 1050 4392 est
1076 4338 1146 4392 tan·
1195 4324 1432 4411 mitigationem
1452 4345 1603 4411 poenae:
1625 4329 1703 4413 quia
1720 4338 1832 4392 manet
1884 4328 1974 4431 iqnid
1985 4345 2182 4411 poenarum,

160 4414 234 4480 dem
246 4411 464 4520 hydropicus.
497 4414 534 4481 ld
545 4414 655 4481 tribuo
667 4411 713 4478 illi
731 4413 973 4479 consuetudini.
1003 4412 1145 4487 Quando
1195 4410 1325 4478 etiamsi
1361 4407 1443 4477 nibil
1486 4407 1576 4478 aliud
1610 4414 1815 4493 mansisset,
1855 4415 1919 4479 nist
1952 4413 2182 4484 conscientiae

159 4501 250 4569 venit
268 4522 301 4565 tn
324 4499 506 4581 prussiam,
527 4498 634 4568 voluit
654 4502 752 4566 etiam
776 4511 909 4566 certare
930 4519 1005 4566 cum
1026 4498 1145 4566 aulicis
1196 4494 1306 4564 dolor.
1359 4495 1471 4563 David
1503 4501 1561 4566 iot
1592 4505 1664 4567 seor
1697 4494 1831 4566 exilium
1863 4502 1953 4566 abit
1984 4503 2181 4568 mmcaoss

81 4642 85 4650 .
161 4587 317 4667 bibendo,
350 4587 437 4653 sicut
468 4598 600 4672 poterat
631 4583 769 4673 largiter
786 4586 917 4654 bibere:
950 4597 1025 4652 erat
1058 4587 1144 4652 enirn
1195 4592 1267 4652 rein
1284 4589 1420 4667 pomaeo
1440 4586 1619 4668 ledeam-
1656 4585 1797 4670 Semper
1814 4597 1933 4669 postea
1948 4583 2011 4653 init
2028 4584 2180 4652 debilior.

159 4674 319 4741 robustus
340 4674 402 4741 vir.
441 4672 516 4739 lioc
537 4676 626 4755 dico,
649 4683 686 4738 ut
705 4691 770 4740 voa
791 4672 920 4760 regatis
941 4693 984 4741 co
1025 4669 1172 4741 osculat
1196 4669 1255 4738 Sic
1287 4671 1477 4738 Monaeses.
1542 4670 1681 4739 lianent
1713 4672 1890 4739 cicatrices
1926 4672 2026 4740 etiam
2058 4683 2181 4739 sanato

160 4773 275 4826 vestra
298 4773 391 4836 certa
424 4760 544 4826 diaeta.
598 4759 674 4849 Ego
691 4759 811 4840 credo,
844 4760 935 4844 quod
962 4781 1007 4826 nu
1020 4756 1054 4826 la
1077 4756 1145 4825 alia
1195 4754 1346 4826 vulnere.
1408 4785 1421 4793 ··

158 4865 198 4913 re
230 4847 373 4913 humana
404 4867 479 4913 rnea
512 4842 722 4913 incolumitas
754 4858 925 4924 servatur,
956 4848 1022 4912 nisi
1054 4847 1144 4934 qnod
1283 4842 1371 4919 Quid
1388 4844 1430 4908 sit
1451 4863 1534 4911 vera
1559 4840 1747 4925 humilitas,
1777 4862 1877 4910 nemo
1903 4842 2073 4911 bominum
2102 4845 2179 4926 soit,

160 4933 227 5000 oito
260 4953 302 4998 eo
336 4935 493 5000 cubitum.
559 4934 701 5006 Quando
740 4930 840 5001 bomo
870 4931 972 4999 babet
1026 4934 1144 5000 rimnnr
1195 4931 1259 4998 sed
1280 4941 1391 4996 tamen
1414 4927 1468 4996 alii
1490 4928 1565 4998 aliis
1586 4928 1758 5019 eliquanto
1783 4928 1863 5017 plns
1890 4932 2011 5000 sciunt.
2055 4931 2179 5017 Super·

160 5018 284 5085 bonnm
307 5040 471 5099 somnam,
491 5040 560 5086 nnn
581 5017 696 5100 refert,
716 5019 790 5086 sire
806 5019 992 5088 seeundum
1054 5021 1144 5100 beat,
1196 5020 1252 5086 bia
1273 5012 1374 5084 facila
1396 5014 1599 5105 intelligitur.

17 5184 21 5190 ,
157 5106 235 5173 stre
257 5127 335 5199 non.
588 5190 592 5201 Ι
661 5166 665 5172 .
1284 5101 1440 5173 obustus
1475 5104 1649 5192 inquiner
1680 5106 1805 5173 Dteoite
1829 5123 1853 5172 a
1879 5123 1953 5184 me,
1991 5110 2068 5190 ouis
2089 5104 2179 5173 nitio

1729 357 2010 424 tottamrstt
2036 356 2176 425 marites
2290 414 2294 421 .
