4620 5588
157 194 222 268 ist
289 291 292 300 Ι
537 189 540 193 ·
791 191 905 262 nnn.
927 191 1035 261 nnn.
1057 157 1247 263 sonum
1267 191 1534 261 nxecnncu
2110 192 2175 263 rsa

54 454 60 461 ,
155 380 339 537 mipisterio
368 395 553 474 arguuntur
574 397 718 472 peecata
739 404 826 451 voce
847 382 950 472 Legis
970 392 1006 459 et
1028 380 1137 450 Evau-

181 495 246 539 en.
603 513 604 517 =

157 496 181 564 Β
243 559 301 625 Sic
322 560 423 647 igitur
445 569 479 625 ct
499 556 619 626 molier
639 557 705 623 ista
726 556 895 642 peccatrix
921 555 1073 641 pervenit
1094 556 1138 622 ed

155 648 358 734 agnitionem
391 647 443 710 sui
475 645 618 728 peccati.
674 641 834 730 Gopitans
862 645 903 708 de
933 645 1040 709 verbo
1061 640 1138 721 Dei,

156 734 262 799 sensit
285 753 323 798 se
345 733 513 798 accusari:
535 733 627 796 venit
649 731 679 795 ei
700 732 734 795 in
751 740 910 795 mentem:
933 727 1005 794 Ab!
1029 727 1137 815 qualis
1275 728 1434 797 Secunda
1453 751 1533 816 pars
1555 729 1798 814 poenitentiae,
1832 740 1884 795 est
1912 728 2009 797 fides.
2054 728 2172 795 Omnis

156 838 196 890 es
224 818 281 885 tui
335 818 430 884 Deus
462 814 666 883 horribiliter
697 817 854 883 irascitur
885 812 1138 886 confusionibus
1188 817 1325 883 mutatio
1353 828 1406 882 est
1433 837 1454 882 a
1483 818 1625 884 termino
1653 837 1674 882 a
1698 836 1784 903 qno,
1805 817 1850 882 ad
1873 835 1982 902 quem.
2027 813 2172 889 Quando
2264 840 2269 845 ·

156 903 346 981 libidinnm;
375 903 471 971 Dens
494 905 620 988 punivit
642 903 824 969 Sodomam
847 912 880 966 et
902 901 1137 979 Gomorrbam,
1188 924 1277 989 aquo
1299 900 1422 983 calefit,
1445 905 1605 969 terminus
1628 924 1649 969 a
1670 923 1750 989 quo,
1773 915 1827 968 est
1847 901 1973 989 frigus3
1995 903 2039 967 ad
2061 923 2172 988 quem,

156 994 283 1081 punivit
311 988 474 1057 adulteria
495 991 647 1056 omnibus
671 989 895 1075 temporibus,
927 989 1025 1053 iussit
1051 989 1139 1074 prin·
1189 987 1292 1055 calor.
1327 990 1469 1063 Quando
1492 991 1646 1076 coquitur
1663 992 1772 1075 panis,
1794 991 1953 1055 terminus
1975 1010 1996 1055 a
2017 1009 2097 1075 quo,
2119 1000 2173 1055 est

156 1081 249 1165 cipes
270 1079 430 1164 suspendi
452 1090 590 1163 propter
611 1088 744 1162 stupra3
772 1072 880 1140 deletu
901 1071 1047 1140 estsere
1069 1086 1139 1140 tota
1187 1074 1245 1142 iila
1266 1096 1379 1142 massa
1401 1078 1511 1143 adhuc
1534 1077 1655 1143 crudo:
1677 1079 1835 1142 terminus
1852 1076 1895 1141 ad
1907 1094 2017 1163 quem,
2040 1087 2094 1141 est
2114 1072 2173 1141 iila

155 1168 262 1232 tribus
277 1165 450 1231 Beniamin
473 1175 609 1249 propter
630 1175 813 1248 stupratam
834 1182 972 1226 uxorem
983 1162 1139 1238 Levitae;
1189 1162 1294 1229 forma
1316 1164 1412 1248 panis
1434 1165 1534 1230 cocti.
1579 1163 1721 1236 Quando
1744 1163 1846 1229 bomo
1868 1163 2085 1241 convertitur,
2107 1173 2172 1229 ter·

156 1249 279 1318 multae
300 1248 444 1318 familiae
466 1262 661 1317 evertuntur
682 1261 820 1335 propter
841 1246 1014 1325 libidines3
1046 1258 1080 1313 et
1102 1260 1139 1314 ιιι
1188 1253 1297 1316 minus
1319 1272 1339 1315 a
1362 1271 1447 1336 quo,
1480 1261 1533 1317 est
1554 1248 1669 1316 dolor:
1702 1251 1747 1314 ad
1767 1270 1878 1336 quern,
1900 1270 1990 1316 nova
2011 1250 2089 1314 vita.
2133 1247 2172 1313 ln

156 1339 266 1404 vixisti
286 1338 449 1403 hactonus
473 1357 605 1416 securo,
628 1334 804 1422 neglexisti
825 1333 909 1400 iram
931 1333 1007 1400 Dei.
1189 1333 1299 1404 Adam
1326 1337 1486 1404 terminus
1514 1357 1535 1402 a
1563 1357 1642 1423 quo,
1675 1347 1728 1402 est
1754 1357 1863 1413 mors3
1896 1337 1940 1401 ad
1968 1355 2085 1421 qoem,
2119 1346 2173 1401 est

243 1424 349 1499 Quem
378 1421 516 1489 muitum
545 1434 598 1489 est
620 1419 844 1490 calamitatum
864 1423 899 1486 in
920 1431 992 1486 toto
1014 1439 1139 1506 genere
1188 1426 1268 1490 vita.
1313 1422 1455 1508 Oportet
1470 1424 1537 1491 hoe
1554 1434 1679 1503 tenere,
1701 1424 1791 1509 quod
1809 1421 2019 1489 mortificatio
2035 1420 2171 1488 iitunus

156 1509 314 1589 humano,
339 1522 478 1596 propter
498 1509 586 1574 hano
608 1511 713 1594 ipsam
736 1510 882 1593 speciem
904 1508 1054 1592 peceati:
1087 1506 1139 1573 Τιι
1189 1511 1361 1587 terminus,
1382 1511 1440 1576 ubi
1461 1507 1562 1577 homo
1584 1511 1851 1597 extingueretur,
1873 1510 1903 1575 si
1924 1529 1993 1576 non
2014 1509 2172 1574 liberere·

155 1598 292 1665 irritasti
312 1599 395 1660 iram
425 1596 489 1661 Dei
511 1597 611 1662 etiam
628 1597 661 1661 in
685 1593 857 1660 caeteros!
915 1593 1001 1668 Quia
1022 1613 1139 1661 verum
1188 1607 1244 1663 tur
1264 1618 1285 1662 a
1307 1596 1392 1664 Filio
1414 1597 1488 1664 Dei.
1532 1596 1602 1662 Sed
1629 1609 1681 1661 est
1706 1597 1739 1660 in
1767 1593 1823 1662 iilo
1852 1593 1971 1661 dolore
1998 1594 2084 1661 alter
2106 1608 2172 1661 ter·

156 1695 222 1762 est,
255 1683 363 1769 quod,
399 1684 489 1749 sieut
519 1693 658 1768 propter
689 1684 778 1748 bona
810 1699 914 1766 opera
947 1690 1139 1746 sanctorum
1188 1686 1309 1763 minus,
1332 1685 1413 1763 vita,
1434 1680 1489 1751 vei
1512 1682 1702 1761 vivificatio,
1724 1704 1809 1769 qnae
1833 1681 1870 1747 tit
1892 1681 1968 1748 ilde.
2012 1681 2171 1748 Viviiioa·

155 1768 253 1838 Deus
285 1771 414 1854 mitigat
434 1767 586 1854 publicas
608 1789 755 1854 poenas,
789 1768 839 1833 sie
872 1766 969 1832 etiam
1002 1776 1141 1852 propter
1189 1770 1236 1838 tio
1265 1767 1360 1836 nullo
1386 1767 1452 1836 ulia
1478 1790 1517 1835 re
1539 1769 1577 1835 fit
1597 1771 1659 1834 nisi
1682 1769 1759 1835 fide.
1804 1768 1928 1834 Proba.
1971 1772 2080 1836 lorber
2105 1770 2173 1851 Me

156 1868 298 1942 peccata
329 1852 523 1934 multorum,
568 1853 779 1920 cumulantur
815 1873 945 1940 poenae
976 1848 1140 1936 publicae.
1189 1879 1251 1924 ritu
1272 1864 1363 1924 vicet.
1408 1856 1505 1924 item:
1528 1860 1698 1939 laetificati
1714 1859 1791 1938 fide,
1810 1875 1925 1939 pacem
1946 1857 2100 1922 Ιιαῠεηιιιε
2120 1875 2172 1922 co·

155 1942 261 2010 Nimis
293 1962 376 2008 vera
407 1954 459 2008 est
492 1942 630 2007 Hesiodi
663 1942 841 2006 sententia:
872 1939 980 2024 Scene
1002 1950 1141 2023 propm
1188 1965 1262 2012 rom
1284 1943 1364 2010 Deo·
1410 1944 1508 2008 item:
1538 1942 1629 2010 Betis
1655 1947 1805 2024 oier’ficott
1826 1945 1894 2024 fide
1911 1962 1975 2026 per
1999 1944 2171 2011 Christum.

154 2034 391 2097 marcialem
410 2034 564 2111 plectitor
583 2038 649 2095 tout
665 2030 786 2095 ciuitas.
829 2026 902 2091 Nos
925 2023 1047 2113 singuli
1068 2027 1140 2092 irri-
1163 2029 1283 2097 ‘Talia
1305 2031 1394 2095 dictu
1416 2041 1495 2096 sunt
1515 2031 1647 2111 erebra,
1668 2039 1704 2095 et
1724 2027 1840 2108 multu,
1864 2040 1897 2094 et
1917 2031 2046 2113 passim
2059 2030 2172 2095 obvia.

155 2128 262 2182 tannm
284 2117 365 2180 iram
376 2113 453 2195 Dei,
474 2127 511 2180 ut
533 2113 742 2180 cumulentur
763 2113 862 2181 nobis
882 2132 1024 2198 poenae.
1062 2113 1139 2178 Non
1275 2114 1418 2190 Quando
1442 2136 1503 2182 cor
1532 2118 1643 2182 estin
1672 2113 1865 2195 doloribus,
1898 2116 2175 2201 erigendum'est

155 2203 317 2268 debemus
334 2202 379 2266 ita
399 2199 523 2281 furere,
549 2213 585 2267 ut
607 2213 781 2286 potemus:
813 2197 909 2265 Deus
941 2220 1010 2264 non
1044 2209 1140 2265 curat
1188 2203 1255 2269 fide
1276 2214 1310 2269 et
1332 2205 1501 2290 agnitione
1522 2204 1771 2288 promissionis,
1799 2204 1893 2269 iuxta
1915 2202 2003 2267 dicta
2024 2200 2174 2267 Psalmo·

156 2286 251 2354 haee.
294 2286 356 2352 Est
377 2289 410 2351 in
433 2285 488 2352 illa
512 2285 647 2353 muliere
669 2307 770 2353 verus
793 2283 900 2351 dolor.
934 2286 1060 2364 Sancti,
1082 2286 1139 2372 qui
1188 2311 1277 2356 rum:
1335 2293 1460 2373 i'ietfieo
1487 2311 1537 2356 ote
1568 2293 1742 2358 eorundum
1770 2292 1901 2355 uerbum
1932 2297 2031 2355 lunen.
2075 2288 2173 2354 item:

154 2373 280 2457 hebent
308 2372 352 2440 ali
377 2395 452 2439 uem
485 2385 622 2462 gustum
655 2373 893 2461 poenitentiae,
936 2370 1139 2459 intelligunt,
1188 2380 1292 2461 Spero
1313 2382 1348 2443 tn
1369 2381 1465 2444 uerbo
1486 2386 1548 2443 tuo.
1592 2376 1678 2442 Tota
1699 2375 1873 2461 Scriptura
1894 2395 2009 2440 secum
2032 2394 2175 2441 consen.

155 2460 264 2549 qualis
285 2461 329 2525 sit
351 2395 406 2526 tlte
429 2459 554 2526 dolor..
703 2513 707 2518 .
1187 2465 1227 2529 tit
1249 2464 1282 2528 in
1304 2466 1369 2528 ista
1391 2465 1553 2530 doctrina.
1597 2458 1688 2528 Nihil
1710 2474 1762 2528 εει
1782 2460 1930 2549 planius,
1962 2459 2043 2527 nihil
2064 2461 2173 2548 magis

240 2548 352 2633 Atque
374 2545 441 2613 hoe
463 2547 603 2633 primurn
630 2547 737 2613 estin
759 2543 995 2618 hachistoria‚
1024 2541 1138 2611 videli·
1187 2551 1416 2636 perspienum:
1458 2549 1510 2616 ita
1535 2549 1590 2616 bie
1613 2550 1746 2629 dieitur:
1790 2553 1890 2616 Fides
1914 2558 1971 2616 tuo
1991 2554 2114 2617 eduum
2140 2556 2175 2615 te

155 2644 210 2699 cet
231 2632 408 2715 contritio,
431 2656 506 2698 eum
528 2654 595 2719 qua
618 2634 796 2699 coniuncta
818 2643 871 2696 est
881 2630 1061 2697 confessio
1079 2629 1138 2696 ali·
1184 2643 1275 2722 fecit,
1318 2636 1445 2716 Crede,
1469 2639 1558 2722 quod
1579 2647 1716 2722 propter
1736 2635 1827 2702 hunc
1855 2635 2015 2710 Messium
2036 2637 2095 2702 tibi
2122 2654 2174 2701 re·
2260 2661 2265 2669 ·

155 2740 233 2807 qua,
255 2720 437 2786 ostendens
460 2718 608 2785 dolorem
628 2721 807 2784 internum:
834 2715 921 2791 Quia
942 2718 1083 2797 aceedit,
1105 2727 1139 2783 et
1187 2724 1357 2789 mittantur
1377 2735 1537 2808 peccata,
1567 2734 1648 2789 tunc
1669 2743 1788 2790 revera
1811 2720 1919 2788 habes
1940 2723 2174 2789 remissionem

156 2819 255 2895 gestu
275 2805 443 2894 significat
463 2825 502 2871 se
523 2803 648 2892 aliquid
670 2816 797 2891 petere,
829 2814 863 2869 et
883 2823 923 2869 se
941 2800 1041 2870 iateri
1061 2822 1137 2888 pec
1186 2820 1414 2896 peccatorum,
1436 2822 1471 2876 et
1492 2831 1531 2878 es
1552 2809 1672 2890 iustus,
1694 2820 1728 2876 et
1747 2811 1926 2895 imputatur
1947 2810 2006 2877 tibi
2023 2809 2174 2877 meritum

157 2905 274 2960 catum
327 2895 417 2960 Nihil
442 2899 551 2960 eutem
577 2898 627 2959 etc
652 2895 762 2958 reddit
783 2896 947 2974 elaeonem
973 2894 1076 2957 verm
1103 2901 1139 2957 ut
1187 2896 1285 2964 huius
1306 2894 1513 2964 liediatoris.

153 2985 320 3062 confertio
348 2986 488 3063 percon,
520 2979 627 3065 inquit
658 2977 935 3065 chrysostomus.
977 2974 1135 3043 Declara·

155 3063 250 3131 Deus
272 3061 344 3132 vult
364 3066 399 3131 in
420 3067 519 3132 nobis
541 3085 620 3132 csse
643 3063 811 3145 dolorem,
845 3075 879 3129 et
907 3060 979 3131 vult
1004 3083 1068 3130 nos
1089 3059 1136 3130 i'a-
1230 3069 1232 3072 ⁴

154 3153 217 3219 teri
244 3162 418 3238 peccatum
448 3171 560 3217 coram
583 3153 674 3238 ipso;
707 3152 872 3218 interdum
894 3151 993 3216 etiarn
1023 3170 1137 3218 coram
1486 3203 1488 3207 -

154 3234 321 3306 Ecclesia.
367 3238 508 3311 Quando
531 3236 650 3324 aliquis
671 3236 733 3304 init
754 3240 787 3305 in
810 3256 937 3318 errore,
959 3238 1058 3303 debet
1077 3259 1137 3324 pu·
1338 3232 1402 3316 De
1432 3231 1553 3317 tertia
1582 3243 1698 3346 parte
1728 3230 2019 3345 poenitentiae,

155 3322 247 3391 blica
268 3323 430 3410 proiiteri,
452 3334 489 3392 ut
509 3322 565 3391 alii
583 3327 788 3405 erudiantur,
810 3337 845 3391 et
862 3325 905 3390 de
920 3344 1035 3391 errore
1046 3344 1136 3390 eom·

154 3410 346 3478 moneflant.
381 3412 473 3478 Vera
494 3408 665 3478 confessio
688 3423 741 3477 est
762 3409 1025 3497 ipsaContritio,
1048 3430 1136 3497 quae
1274 3415 1359 3484 Cum
1380 3414 1447 3482 hac
1474 3413 1542 3482 ilde
1564 3415 1660 3481 datur
1681 3414 1825 3500 Spiritus
1854 3425 2012 3492 sanctus,
2040 3415 2174 3501 quiesi

159 3499 313 3583 erumpit,
338 3508 371 3564 et
393 3496 518 3564 satetur
539 3519 654 3565 coram
664 3496 740 3583 Deo
761 3512 914 3583 peccata,
936 3510 970 3564 et
992 3497 1072 3565 dicit
1093 3498 1136 3562 si·
1186 3499 1306 3570 efficax
1327 3503 1362 3567 in
1383 3502 1486 3569 eorde
1508 3515 1577 3582 tuo,
1598 3503 1753 3570 accendit
1773 3522 1882 3568 novas
1903 3501 2058 3568 virtutes.
2101 3498 2171 3566 Sed

155 3598 212 3654 cut
233 3583 373 3654 Daniel:
409 3589 491 3672 titt,
519 3585 674 3667 Domine,
692 3593 909 3670 peccarium:
943 3603 1008 3650 nos
1029 3582 1136 3651 meriti
1185 3610 1251 3657 nos
1279 3584 1451 3674 placemus
1483 3600 1621 3675 propter
1652 3586 1889 3667 Mediatorem,
1916 3588 2173 3654 obumbrantem

154 3690 270 3738 sumus
288 3692 430 3759 poenes.
488 3673 492 3680 “
929 3716 931 3721 ,
1186 3697 1265 3755 nos3
1286 3696 1354 3741 non
1376 3685 1514 3763 propter
1534 3677 1715 3742 novitatem
1737 3670 1847 3754 illam,
1873 3694 1960 3760 quae
1981 3673 2092 3739 adhuc
2118 3682 2173 3738 est

243 3772 301 3839 ille
324 3777 433 3843 bonus
456 3774 618 3860 Princeps
640 3773 842 3841 Franciseus
865 3774 931 3840 dux
946 3773 1141 3841 Lunaebur·
1185 3763 1361 3829 immunda·
1406 3766 1478 3830 lion
1500 3762 1724 3845 iustificabiuo
1744 3768 1973 3865 incompacta
1993 3769 2049 3826 tuo
2069 3765 2176 3867 oronte

156 3862 285 3949 gensis,
306 3863 361 3947 qni
383 3874 533 3928 mortuus
556 3873 610 3927 cst
630 3873 710 3927 aitte
726 3862 904 3943 biennium,
927 3882 1004 3926 cum
1021 3881 1140 3948 aegro·
1189 3857 1317 3916 viceor:
1356 3846 1506 3930 scillcet,
1543 3850 1680 3936 vmbria
1718 3844 1884 3936 (inillam-
1920 3858 1953 3912 ⁰⁸
1985 3849 2175 3950 Vffffflssbssfl,

154 3958 254 4024 taret,
282 3949 448 4032 praestitit
473 3968 627 4035 magnam
649 3948 859 4034 patientiam,
893 3944 1058 4014 clamans:
1090 3949 1141 4014 At
1191 3934 1339 4022 quaein
1366 3936 1466 4001 nobis
1495 3947 1585 4001 sunt·
1628 3934 1723 4000 flacc
1749 3931 1937 3999 consolatio
1965 3944 2064 3999 enam
2093 3952 2174 3999 con·

155 4033 297 4101 Dmnioe
319 4033 421 4116 Deru,
443 4038 525 4101 nibil
544 4038 658 4101 berum
680 4036 826 4102 dolorum
843 4044 894 4101 ert
909 4037 1043 4115 ornate
1058 4039 1141 4099 mete
1190 4023 1328 4107 spicitur
1348 4023 1382 4087 in
1404 4018 1557 4106 exemplo
1580 4022 1678 4086 istius
1700 4019 1863 4101 mulieris:
1892 4021 1970 4107 qnia
1990 4019 2063 4083 sine
2087 4018 2175 4086 scin·

150 4121 309 4206 peceatie.
354 4119 439 4203 Scio,
458 4124 546 4204 puod
565 4127 705 4188 remum
723 4129 860 4206 peecata
878 4129 1014 4204 propter
1024 4122 1139 4186 Furem
1189 4106 1262 4175 tilia
1282 4108 1360 4174 fidei
1387 4128 1456 4173 non
1477 4104 1597 4173 inisset
1622 4125 1707 4173 ausa
1733 4106 1897 4172 accedere
1924 4107 1970 4171 ad
1993 4103 2172 4173 Christum.

155 4215 256 4289 omitt,
277 4226 343 4271 reon
359 4216 499 4291 propter
519 4209 659 4274 dobree
694 4210 749 4274 Illi
767 4211 896 4274 dolores
915 4215 995 4273 eunt
1014 4213 1140 4272 tapetum
1190 4195 1253 4263 Ubi
1275 4205 1386 4261 autem
1414 4204 1467 4259 est
1492 4195 1526 4259 in
1555 4214 1596 4259 ea
1625 4213 1720 4265 nova
1740 4191 1951 4258 obedientia?
1993 4189 2032 4257 ln
2059 4189 2174 4258 multis

155 4294 477 4376 commonefacerem
494 4296 704 4378 poenitentia,
724 4304 762 4361 ut
781 4299 966 4377 conseptum
986 4294 1033 4358 ad
1047 4301 1139 4360 mtre-
1190 4283 1364 4368 operibus:
1413 4277 1522 4345 Levat
1541 4281 1655 4366 pedes
1683 4277 1825 4357 Christi,
1855 4275 2046 4359 oseulatur,
2071 4279 2175 4366 ungit

1257 478 1330 561 De
1366 477 1527 562 altera
1564 490 1709 590 parte
1746 477 2109 590 poenitentiae.

32 4444 42 4457 ,
154 4381 342 4452 ricordiom.
387 4377 493 4446 Recte
515 4380 582 4444 hoe
603 4381 699 4446 dixit:
723 4381 799 4466 quia
820 4381 896 4446 ideo
909 4376 1066 4445 Ecclesia
1087 4388 1140 4444 est
1188 4368 1233 4434 Et
1253 4365 1409 4434 Christus
1436 4367 1467 4432 ei
1488 4368 1602 4432 tribuit
1622 4362 1755 4432 laudem
1776 4361 1931 4451 impletae
1952 4361 2051 4452 legis.
2094 4364 2174 4447 lua,

155 4466 309 4532 subiecta
331 4466 435 4545 cruci,
457 4478 493 4531 nt
515 4476 679 4552 agnoscat
699 4480 891 4553 peccatum,
911 4476 945 4531 et
965 4465 1139 4551 perveniat
1188 4455 1305 4542 lnqssih
1323 4457 1401 4538 iiim
1420 4450 1695 4535 dependerem
1716 4464 1771 4518 est
1791 4448 1937 4538 ῑῐῐψῑθῑῑῡ
1959 4449 2059 4541 legis·
2080 4450 2176 4519 Haeo

155 4553 200 4618 ed
221 4551 464 4618 contritionem.
518 4551 574 4619 De
601 4549 659 4618 illa
686 4550 903 4620 confessione
933 4549 1139 4640 intelligetur
1188 4553 1243 4608 est
1264 4561 1353 4606 nova
1380 4540 1586 4622 obedientia,
1613 4560 1712 4625 quarn
1740 4549 1873 4624 oportet
1901 4541 2013 4624 sequi,
2063 4539 2174 4605 nando

154 4637 280 4705 dictum
297 4636 349 4705 Cir
391 4639 541 4705 sostomi.
585 4640 663 4705 Non
684 4653 737 4704 est
757 4661 844 4724 opus
865 4639 1061 4707 recitatione
1084 4658 1138 4708 eo·
1189 4638 1242 4695 esi
1262 4624 1354 4693 iacta
1375 4627 1540 4692 ῐθῐῐῐῑδδὶῡ·
1583 4625 1666 4693 Fide
1687 4624 1725 4690 fii
1757 4623 1956 4704 Vivlfifflfiffi
1984 4636 2017 4691 ⁰2
2106 4625 2176 4692 1¹³⁰

157 4744 228 4790 ram
250 4744 350 4792 sacer
374 4736 442 4805 ote,
464 4721 595 4812 qualem
616 4722 745 4813 fingunt
765 4725 940 4793 Pontiiioii.
1188 4713 1342 4781 accendit
1374 4712 1517 4798 Spiritus
1549 4724 1688 4780 sanctus
1726 4732 1849 4777 novam
1888 4709 2014 4792 iucem,
2050 4730 2176 4779 novam

1189 4799 1422 4879 obedientiam,
1444 4796 1665 4878 dilectionem,
1688 4808 1722 4864 et
1743 4795 1828 4864 alias
1849 4799 2001 4865 virtutes.
2046 4796 2175 4865 Omnes

1188 4887 1297 4955 sancti
1317 4887 1384 4952 ista
1406 4888 1622 4971 experiuntur
1648 4887 1691 4954 de
1716 4884 1920 4964 terroribus,
1947 4886 1990 4950 de
2018 4880 2175 4973 consola·

1188 4976 1292 5055 tione,
1327 4972 1370 5039 de
1400 4974 1561 5040 novitate.
1604 4971 1670 5048 Qui
1694 4991 1763 5039 non
1789 4982 1843 5038 est
1868 4981 2027 5060 expertus
2057 4968 2175 5125 elipe:

1188 5062 1308 5142 modo,
1341 5055 1398 5128 ille
1422 5070 1564 5149 prorsus
1595 5078 1665 5127 non
1691 5069 1745 5126 est
1771 5058 1884 5125 vivum
1904 5059 2088 5159 membrum
