<?xml version="1.0" encoding="UTF-8"?>
<!DOCTYPE html PUBLIC "-//W3C//DTD XHTML 1.0 Transitional//EN"
    "http://www.w3.org/TR/xhtml1/DTD/xhtml1-transitional.dtd">
<html xmlns="http://www.w3.org/1999/xhtml" xml:lang="en" lang="en">
 <head>
  <title>
</title>
<meta http-equiv="Content-Type" content="text/html;charset=utf-8" />
  <meta name='ocr-system' content='tesseract 3.04.00' />
  <meta name='ocr-capabilities' content='ocr_page ocr_carea ocr_par ocr_line ocrx_word'/>
</head>
<body>
  <div class='ocr_page' id='page_1' title='image "./corpusreformato15melagoog/corpusreformato15melagoog_0208.png"; bbox 0 0 4620 5588; ppageno 0'>
   <div class='ocr_carea' id='block_1_1' title="bbox 155 138 2201 293">
    <p class='ocr_par' dir='ltr' id='par_1_1' title="bbox 155 138 2201 293">
     <span class='ocr_line' id='line_1_1' title="bbox 155 138 2201 293; baseline -0.002 -22"><span class='ocrx_word' id='word_1_1' title='bbox 155 188 223 271; x_wconf 68' lang='lat' dir='ltr'><strong>to</strong></span> <span class='ocrx_word' id='word_1_2' title='bbox 747 160 763 179; x_wconf 65' lang='lat'><em>⁶</em></span> <span class='ocrx_word' id='word_1_3' title='bbox 840 190 1057 270; x_wconf 70' lang='grc' dir='ltr'><strong>εοιιιιιε</strong></span> <span class='ocrx_word' id='word_1_4' title='bbox 1087 138 1489 266; x_wconf 66' lang='lat' dir='ltr'><strong>meniana</strong></span> <span class='ocrx_word' id='word_1_5' title='bbox 1935 279 1937 283; x_wconf 8' lang='lat' dir='ltr'><strong>p</strong></span> <span class='ocrx_word' id='word_1_6' title='bbox 2109 180 2201 293; x_wconf 52' lang='lat' dir='ltr'><strong>art,</strong></span> 
     </span>
    </p>
   </div>
   <div class='ocr_carea' id='block_1_2' title="bbox 112 381 2213 2284">
    <p class='ocr_par' dir='ltr' id='par_1_2' title="bbox 112 381 2213 2284">
     <span class='ocr_line' id='line_1_2' title="bbox 156 381 2174 472; baseline 0 -19"><span class='ocrx_word' id='word_1_7' title='bbox 156 393 209 453; x_wconf 83' lang='lat' dir='ltr'><strong>cta</strong></span> <span class='ocrx_word' id='word_1_8' title='bbox 229 385 367 452; x_wconf 83' lang='lat' dir='ltr'><strong>Mcneeb</strong></span> <span class='ocrx_word' id='word_1_9' title='bbox 395 387 526 452; x_wconf 75' lang='grc' dir='ltr'><strong>ἀαιυωι</strong></span> <span class='ocrx_word' id='word_1_10' title='bbox 546 384 694 466; x_wconf 77' lang='lat' dir='ltr'><strong>natan,</strong></span> <span class='ocrx_word' id='word_1_11' title='bbox 714 386 783 452; x_wconf 78' lang='lat' dir='ltr'><strong>cnei</strong></span> <span class='ocrx_word' id='word_1_12' title='bbox 806 384 879 472; x_wconf 71' lang='lat' dir='ltr'><strong>yet</strong></span> <span class='ocrx_word' id='word_1_13' title='bbox 896 387 988 454; x_wconf 64' lang='lat' dir='ltr'><strong>enen</strong></span> <span class='ocrx_word' id='word_1_14' title='bbox 1009 385 1139 466; x_wconf 86' lang='lat' dir='ltr'><strong>rictum,</strong></span> <span class='ocrx_word' id='word_1_15' title='bbox 1191 384 1306 451; x_wconf 86' lang='lat' dir='ltr'><strong>corde.</strong></span> <span class='ocrx_word' id='word_1_16' title='bbox 1353 381 1399 449; x_wconf 86' lang='lat' dir='ltr'><strong>Ut</strong></span> <span class='ocrx_word' id='word_1_17' title='bbox 1422 403 1497 451; x_wconf 90' lang='lat' dir='ltr'><strong>eure</strong></span> <span class='ocrx_word' id='word_1_18' title='bbox 1512 384 1643 451; x_wconf 74' lang='lat' dir='ltr'><strong>Adame</strong></span> <span class='ocrx_word' id='word_1_19' title='bbox 1662 395 1701 453; x_wconf 84' lang='lat' dir='ltr'><strong>et</strong></span> <span class='ocrx_word' id='word_1_20' title='bbox 1716 381 1830 451; x_wconf 77' lang='lat' dir='ltr'><strong>Herae</strong></span> <span class='ocrx_word' id='word_1_21' title='bbox 1851 382 2004 450; x_wconf 67' lang='lat' dir='ltr'><strong>cbristus</strong></span> <span class='ocrx_word' id='word_1_22' title='bbox 2027 404 2174 470; x_wconf 86' lang='lat' dir='ltr'><strong>prenun-</strong></span> 
     </span>
     <span class='ocr_line' id='line_1_3' title="bbox 156 468 2176 558; baseline -0 -18"><span class='ocrx_word' id='word_1_23' title='bbox 156 473 238 540; x_wconf 70' lang='lat' dir='ltr'><strong>dass</strong></span> <span class='ocrx_word' id='word_1_24' title='bbox 258 489 297 536; x_wconf 85' lang='lat' dir='ltr'><strong>er</strong></span> <span class='ocrx_word' id='word_1_25' title='bbox 315 472 420 558; x_wconf 74' lang='lat' dir='ltr'><strong>pleae</strong></span> <span class='ocrx_word' id='word_1_26' title='bbox 447 472 549 539; x_wconf 80' lang='lat' dir='ltr'><strong>aiebat</strong></span> <span class='ocrx_word' id='word_1_27' title='bbox 571 473 689 549; x_wconf 74' lang='lat' dir='ltr'><strong>dener,</strong></span> <span class='ocrx_word' id='word_1_28' title='bbox 717 472 772 538; x_wconf 87' lang='lat' dir='ltr'><strong>die</strong></span> <span class='ocrx_word' id='word_1_29' title='bbox 791 471 912 539; x_wconf 62' lang='lat' dir='ltr'><strong>beben.</strong></span> <span class='ocrx_word' id='word_1_30' title='bbox 957 472 1060 537; x_wconf 88' lang='lat' dir='ltr'><strong>Latre</strong></span> <span class='ocrx_word' id='word_1_31' title='bbox 1082 468 1140 537; x_wconf 90' lang='lat' dir='ltr'><strong>ille</strong></span> <span class='ocrx_word' id='word_1_32' title='bbox 1191 470 1258 536; x_wconf 88' lang='lat' dir='ltr'><strong>ciat</strong></span> <span class='ocrx_word' id='word_1_33' title='bbox 1279 472 1508 537; x_wconf 80' lang='lat' dir='ltr'><strong>remissionem</strong></span> <span class='ocrx_word' id='word_1_34' title='bbox 1529 482 1766 557; x_wconf 87' lang='lat' dir='ltr'><strong>peccaterum,</strong></span> <span class='ocrx_word' id='word_1_35' title='bbox 1801 470 1948 536; x_wconf 87' lang='lat' dir='ltr'><strong>sentiunt</strong></span> <span class='ocrx_word' id='word_1_36' title='bbox 1970 468 2176 539; x_wconf 87' lang='lat' dir='ltr'><strong>consolatio·</strong></span> 
     </span>
     <span class='ocr_line' id='line_1_4' title="bbox 156 553 2176 644; baseline -0 -18"><span class='ocrx_word' id='word_1_37' title='bbox 156 578 225 626; x_wconf 85' lang='lat' dir='ltr'><strong>nen</strong></span> <span class='ocrx_word' id='word_1_38' title='bbox 252 578 438 624; x_wconf 86' lang='lat' dir='ltr'><strong>conversas</strong></span> <span class='ocrx_word' id='word_1_39' title='bbox 469 560 505 624; x_wconf 90' lang='lat' dir='ltr'><strong>in</strong></span> <span class='ocrx_word' id='word_1_40' title='bbox 538 577 657 639; x_wconf 90' lang='lat' dir='ltr'><strong>cruce,</strong></span> <span class='ocrx_word' id='word_1_41' title='bbox 683 558 769 624; x_wconf 88' lang='lat' dir='ltr'><strong>ridet</strong></span> <span class='ocrx_word' id='word_1_42' title='bbox 796 560 900 624; x_wconf 91' lang='lat' dir='ltr'><strong>risum</strong></span> <span class='ocrx_word' id='word_1_43' title='bbox 929 557 1140 639; x_wconf 87' lang='lat' dir='ltr'><strong>Sardoniure,</strong></span> <span class='ocrx_word' id='word_1_44' title='bbox 1190 577 1267 622; x_wconf 89' lang='lat' dir='ltr'><strong>nem</strong></span> <span class='ocrx_word' id='word_1_45' title='bbox 1288 558 1323 621; x_wconf 91' lang='lat' dir='ltr'><strong>in</strong></span> <span class='ocrx_word' id='word_1_46' title='bbox 1345 558 1460 637; x_wconf 88' lang='lat' dir='ltr'><strong>corde,</strong></span> <span class='ocrx_word' id='word_1_47' title='bbox 1483 570 1515 623; x_wconf 92' lang='grc' dir='ltr'><strong>ει</strong></span> <span class='ocrx_word' id='word_1_48' title='bbox 1537 557 1669 623; x_wconf 89' lang='lat' dir='ltr'><strong>accedit</strong></span> <span class='ocrx_word' id='word_1_49' title='bbox 1690 567 1861 622; x_wconf 84' lang='lat' dir='ltr'><strong>externum</strong></span> <span class='ocrx_word' id='word_1_50' title='bbox 1872 553 2176 644; x_wconf 76' lang='lat' dir='ltr'><strong>miraculnm3qula</strong></span> 
     </span>
     <span class='ocr_line' id='line_1_5' title="bbox 156 641 2213 732; baseline -0.002 -21"><span class='ocrx_word' id='word_1_51' title='bbox 156 645 213 732; x_wconf 88' lang='lat' dir='ltr'><strong>qui</strong></span> <span class='ocrx_word' id='word_1_52' title='bbox 236 656 289 710; x_wconf 88' lang='lat' dir='ltr'><strong>est</strong></span> <span class='ocrx_word' id='word_1_53' title='bbox 310 645 339 709; x_wconf 87' lang='lat' dir='ltr'><strong>ei</strong></span> <span class='ocrx_word' id='word_1_54' title='bbox 368 643 527 710; x_wconf 82' lang='lat' dir='ltr'><strong>exitialis:</strong></span> <span class='ocrx_word' id='word_1_55' title='bbox 560 645 606 712; x_wconf 85' lang='lat' dir='ltr'><strong>dc</strong></span> <span class='ocrx_word' id='word_1_56' title='bbox 637 646 727 710; x_wconf 84' lang='lat' dir='ltr'><strong>einer</strong></span> <span class='ocrx_word' id='word_1_57' title='bbox 758 645 845 710; x_wconf 70' lang='lat' dir='ltr'><strong>aaa</strong></span> <span class='ocrx_word' id='word_1_58' title='bbox 879 646 994 729; x_wconf 79' lang='lat' dir='ltr'><strong>dinpcs</strong></span> <span class='ocrx_word' id='word_1_59' title='bbox 1025 643 1139 724; x_wconf 79' lang='lat' dir='ltr'><strong>luebat,</strong></span> <span class='ocrx_word' id='word_1_60' title='bbox 1190 643 1318 721; x_wconf 85' lang='lat' dir='ltr'><strong>vivunt,</strong></span> <span class='ocrx_word' id='word_1_61' title='bbox 1341 644 1397 730; x_wconf 91' lang='lat' dir='ltr'><strong>qui</strong></span> <span class='ocrx_word' id='word_1_62' title='bbox 1419 655 1514 710; x_wconf 90' lang='lat' dir='ltr'><strong>erant</strong></span> <span class='ocrx_word' id='word_1_63' title='bbox 1535 645 1583 708; x_wconf 88' lang='lat' dir='ltr'><strong>rei</strong></span> <span class='ocrx_word' id='word_1_64' title='bbox 1605 644 1732 708; x_wconf 90' lang='lat' dir='ltr'><strong>mertis.</strong></span> <span class='ocrx_word' id='word_1_65' title='bbox 1776 642 1834 709; x_wconf 96' lang='lat' dir='ltr'><strong>Sic</strong></span> <span class='ocrx_word' id='word_1_66' title='bbox 1853 641 1964 708; x_wconf 87' lang='lat' dir='ltr'><strong>David</strong></span> <span class='ocrx_word' id='word_1_67' title='bbox 1985 645 2087 710; x_wconf 80' lang='lat' dir='ltr'><strong>sentit</strong></span> <span class='ocrx_word' id='word_1_68' title='bbox 2109 645 2213 731; x_wconf 52' lang='lat' dir='ltr'><strong>spi-2</strong></span> 
     </span>
     <span class='ocr_line' id='line_1_6' title="bbox 157 727 2175 816; baseline 0.001 -20"><span class='ocrx_word' id='word_1_69' title='bbox 157 743 191 797; x_wconf 87' lang='grc' dir='ltr'><strong>ει</strong></span> <span class='ocrx_word' id='word_1_70' title='bbox 217 751 284 796; x_wconf 90' lang='lat' dir='ltr'><strong>non</strong></span> <span class='ocrx_word' id='word_1_71' title='bbox 311 731 401 797; x_wconf 86' lang='lat' dir='ltr'><strong>videt</strong></span> <span class='ocrx_word' id='word_1_72' title='bbox 428 742 496 796; x_wconf 89' lang='lat' dir='ltr'><strong>tam</strong></span> <span class='ocrx_word' id='word_1_73' title='bbox 529 751 634 816; x_wconf 89' lang='lat' dir='ltr'><strong>prope</strong></span> <span class='ocrx_word' id='word_1_74' title='bbox 661 731 789 797; x_wconf 91' lang='lat' dir='ltr'><strong>instare</strong></span> <span class='ocrx_word' id='word_1_75' title='bbox 814 729 998 816; x_wconf 85' lang='lat' dir='ltr'><strong>periculum</strong></span> <span class='ocrx_word' id='word_1_76' title='bbox 1016 751 1059 796; x_wconf 85' lang='lat' dir='ltr'><strong>cx</strong></span> <span class='ocrx_word' id='word_1_77' title='bbox 1081 727 1139 796; x_wconf 92' lang='lat' dir='ltr'><strong>illa</strong></span> <span class='ocrx_word' id='word_1_78' title='bbox 1189 727 1311 795; x_wconf 82' lang='lat' dir='ltr'><strong>rituale</strong></span> <span class='ocrx_word' id='word_1_79' title='bbox 1337 727 1550 810; x_wconf 78' lang='lat' dir='ltr'>miraculum,</span> <span class='ocrx_word' id='word_1_80' title='bbox 1579 750 1654 795; x_wconf 89' lang='lat' dir='ltr'><strong>cum</strong></span> <span class='ocrx_word' id='word_1_81' title='bbox 1682 727 1852 814; x_wconf 81' lang='lat' dir='ltr'>Propheta</span> <span class='ocrx_word' id='word_1_82' title='bbox 1879 729 1973 795; x_wconf 87' lang='lat' dir='ltr'><strong>dicit:</strong></span> <span class='ocrx_word' id='word_1_83' title='bbox 2017 728 2175 797; x_wconf 75' lang='lat' dir='ltr'><strong>Dominae</strong></span> 
     </span>
     <span class='ocr_line' id='line_1_7' title="bbox 157 814 2174 904; baseline -0.003 -18"><span class='ocrx_word' id='word_1_84' title='bbox 157 837 291 886; x_wconf 83' lang='lat' dir='ltr'><strong>caussa.</strong></span> <span class='ocrx_word' id='word_1_85' title='bbox 334 815 456 882; x_wconf 87' lang='lat' dir='ltr'><strong>Ridere</strong></span> <span class='ocrx_word' id='word_1_86' title='bbox 477 817 677 884; x_wconf 89' lang='lat' dir='ltr'><strong>Sardonium</strong></span> <span class='ocrx_word' id='word_1_87' title='bbox 699 820 817 896; x_wconf 91' lang='lat' dir='ltr'><strong>risum,</strong></span> <span class='ocrx_word' id='word_1_88' title='bbox 845 829 897 882; x_wconf 91' lang='lat' dir='ltr'><strong>est</strong></span> <span class='ocrx_word' id='word_1_89' title='bbox 926 827 1138 903; x_wconf 88' lang='lat' dir='ltr'><strong>contemptus</strong></span> <span class='ocrx_word' id='word_1_90' title='bbox 1189 816 1322 881; x_wconf 79' lang='lat' dir='ltr'><strong>abstulit</strong></span> <span class='ocrx_word' id='word_1_91' title='bbox 1343 816 1404 884; x_wconf 82' lang='lat' dir='ltr'><strong>aba</strong></span> <span class='ocrx_word' id='word_1_92' title='bbox 1426 824 1457 881; x_wconf 90' lang='lat' dir='ltr'><strong>tc</strong></span> <span class='ocrx_word' id='word_1_93' title='bbox 1475 823 1643 900; x_wconf 65' lang='lat' dir='ltr'><strong>meatum</strong></span> <span class='ocrx_word' id='word_1_94' title='bbox 1664 824 1763 882; x_wconf 70' lang='lat' dir='ltr'><strong>tuusn-</strong></span> <span class='ocrx_word' id='word_1_95' title='bbox 1808 814 1866 879; x_wconf 88' lang='lat' dir='ltr'><strong>Sic</strong></span> <span class='ocrx_word' id='word_1_96' title='bbox 1887 814 1929 880; x_wconf 89' lang='lat' dir='ltr'><strong>de</strong></span> <span class='ocrx_word' id='word_1_97' title='bbox 1950 827 1984 880; x_wconf 91' lang='lat' dir='ltr'><strong>te</strong></span> <span class='ocrx_word' id='word_1_98' title='bbox 2005 829 2039 881; x_wconf 93' lang='lat' dir='ltr'><strong>et</strong></span> <span class='ocrx_word' id='word_1_99' title='bbox 2061 818 2174 904; x_wconf 74' lang='lat' dir='ltr'><strong>singu·</strong></span> 
     </span>
     <span class='ocr_line' id='line_1_8' title="bbox 155 899 2175 990; baseline 0 -21"><span class='ocrx_word' id='word_1_100' title='bbox 155 899 309 990; x_wconf 90' lang='lat' dir='ltr'><strong>periculi.</strong></span> <span class='ocrx_word' id='word_1_101' title='bbox 356 901 526 969; x_wconf 79' lang='lat' dir='ltr'><strong>Intuemini</strong></span> <span class='ocrx_word' id='word_1_102' title='bbox 556 914 670 969; x_wconf 84' lang='lat' dir='ltr'><strong>vestra</strong></span> <span class='ocrx_word' id='word_1_103' title='bbox 696 903 846 989; x_wconf 89' lang='lat' dir='ltr'><strong>pericula</strong></span> <span class='ocrx_word' id='word_1_104' title='bbox 875 916 909 969; x_wconf 91' lang='grc' dir='ltr'><strong>ει</strong></span> <span class='ocrx_word' id='word_1_105' title='bbox 931 903 1139 969; x_wconf 86' lang='lat' dir='ltr'><strong>communia:</strong></span> <span class='ocrx_word' id='word_1_106' title='bbox 1188 899 1232 966; x_wconf 90' lang='lat' dir='ltr'><strong>lis</strong></span> <span class='ocrx_word' id='word_1_107' title='bbox 1255 903 1467 968; x_wconf 89' lang='lat' dir='ltr'><strong>credentibus</strong></span> <span class='ocrx_word' id='word_1_108' title='bbox 1490 914 1634 969; x_wconf 89' lang='lat' dir='ltr'><strong>statuas:</strong></span> <span class='ocrx_word' id='word_1_109' title='bbox 1657 922 1732 967; x_wconf 89' lang='lat' dir='ltr'><strong>cem</strong></span> <span class='ocrx_word' id='word_1_110' title='bbox 1754 901 1906 966; x_wconf 89' lang='lat' dir='ltr'><strong>audimus</strong></span> <span class='ocrx_word' id='word_1_111' title='bbox 1929 904 2084 983; x_wconf 88' lang='lat' dir='ltr'><strong>verbum,</strong></span> <span class='ocrx_word' id='word_1_112' title='bbox 2110 903 2175 970; x_wconf 77' lang='lat' dir='ltr'><strong>art·</strong></span> 
     </span>
     <span class='ocr_line' id='line_1_9' title="bbox 156 985 2175 1077; baseline 0 -23"><span class='ocrx_word' id='word_1_113' title='bbox 156 988 230 1055; x_wconf 88' lang='lat' dir='ltr'><strong>sitis</strong></span> <span class='ocrx_word' id='word_1_114' title='bbox 253 989 439 1070; x_wconf 82' lang='lat' dir='ltr'><strong>cautiores,</strong></span> <span class='ocrx_word' id='word_1_115' title='bbox 465 990 687 1055; x_wconf 81' lang='lat' dir='ltr'><strong>modestiores</strong></span> <span class='ocrx_word' id='word_1_116' title='bbox 715 1003 749 1056; x_wconf 87' lang='lat' dir='ltr'><strong>et</strong></span> <span class='ocrx_word' id='word_1_117' title='bbox 777 989 1006 1077; x_wconf 83' lang='lat' dir='ltr'><strong>diligentiores</strong></span> <span class='ocrx_word' id='word_1_118' title='bbox 1035 990 1070 1054; x_wconf 92' lang='lat' dir='ltr'><strong>in</strong></span> <span class='ocrx_word' id='word_1_119' title='bbox 1092 991 1139 1055; x_wconf 88' lang='lat' dir='ltr'><strong>in·</strong></span> <span class='ocrx_word' id='word_1_120' title='bbox 1191 988 1298 1075; x_wconf 79' lang='lat' dir='ltr'><strong>gimer</strong></span> <span class='ocrx_word' id='word_1_121' title='bbox 1329 999 1363 1054; x_wconf 89' lang='lat' dir='ltr'><strong>et</strong></span> <span class='ocrx_word' id='word_1_122' title='bbox 1395 988 1610 1055; x_wconf 82' lang='lat' dir='ltr'><strong>vivificamur.</strong></span> <span class='ocrx_word' id='word_1_123' title='bbox 1666 988 1741 1053; x_wconf 84' lang='lat' dir='ltr'><strong>Dee</strong></span> <span class='ocrx_word' id='word_1_124' title='bbox 1761 989 1836 1053; x_wconf 80' lang='lat' dir='ltr'><strong>sind</strong></span> <span class='ocrx_word' id='word_1_125' title='bbox 1869 985 2052 1073; x_wconf 80' lang='lat' dir='ltr'><strong>spiritualia</strong></span> <span class='ocrx_word' id='word_1_126' title='bbox 2079 990 2175 1055; x_wconf 88' lang='lat' dir='ltr'><strong>mira·</strong></span> 
     </span>
     <span class='ocr_line' id='line_1_10' title="bbox 156 1072 2175 1160; baseline 0 -19"><span class='ocrx_word' id='word_1_127' title='bbox 156 1077 345 1142; x_wconf 85' lang='lat' dir='ltr'><strong>vocatione.</strong></span> <span class='ocrx_word' id='word_1_128' title='bbox 1190 1072 1276 1150; x_wconf 87' lang='lat' dir='ltr'><strong>cula,</strong></span> <span class='ocrx_word' id='word_1_129' title='bbox 1300 1075 1484 1160; x_wconf 89' lang='lat' dir='ltr'><strong>dequibus</strong></span> <span class='ocrx_word' id='word_1_130' title='bbox 1508 1076 1666 1160; x_wconf 86' lang='lat' dir='ltr'><strong>scriptum</strong></span> <span class='ocrx_word' id='word_1_131' title='bbox 1689 1086 1760 1140; x_wconf 88' lang='lat' dir='ltr'><strong>est:</strong></span> <span class='ocrx_word' id='word_1_132' title='bbox 1789 1073 1937 1158; x_wconf 71' lang='lat' dir='ltr'><strong>Spiritus</strong></span> <span class='ocrx_word' id='word_1_133' title='bbox 1957 1083 2093 1141; x_wconf 77' lang='lat' dir='ltr'><strong>sancies</strong></span> <span class='ocrx_word' id='word_1_134' title='bbox 2113 1075 2175 1141; x_wconf 77' lang='lat' dir='ltr'><strong>dni</strong></span> 
     </span>
     <span class='ocr_line' id='line_1_11' title="bbox 242 1157 2172 1245; baseline 0.001 -20"><span class='ocrx_word' id='word_1_135' title='bbox 242 1161 338 1226; x_wconf 88' lang='lat' dir='ltr'><strong>Deus</strong></span> <span class='ocrx_word' id='word_1_136' title='bbox 361 1181 404 1226; x_wconf 80' lang='lat' dir='ltr'><strong>ex</strong></span> <span class='ocrx_word' id='word_1_137' title='bbox 425 1161 586 1230; x_wconf 88' lang='lat' dir='ltr'><strong>immensa</strong></span> <span class='ocrx_word' id='word_1_138' title='bbox 607 1161 755 1227; x_wconf 89' lang='lat' dir='ltr'><strong>bonitate</strong></span> <span class='ocrx_word' id='word_1_139' title='bbox 771 1181 838 1226; x_wconf 92' lang='lat' dir='ltr'><strong>neu</strong></span> <span class='ocrx_word' id='word_1_140' title='bbox 861 1172 987 1226; x_wconf 77' lang='lat' dir='ltr'><strong>mutum</strong></span> <span class='ocrx_word' id='word_1_141' title='bbox 1010 1163 1139 1226; x_wconf 91' lang='lat' dir='ltr'><strong>ordina·</strong></span> <span class='ocrx_word' id='word_1_142' title='bbox 1191 1161 1401 1227; x_wconf 82' lang='lat' dir='ltr'><strong>testimoninm</strong></span> <span class='ocrx_word' id='word_1_143' title='bbox 1419 1163 1555 1245; x_wconf 68' lang='lat' dir='ltr'><strong>spiritui</strong></span> <span class='ocrx_word' id='word_1_144' title='bbox 1569 1170 1694 1226; x_wconf 84' lang='lat' dir='ltr'><strong>nostre.</strong></span> <span class='ocrx_word' id='word_1_145' title='bbox 1738 1157 1936 1244; x_wconf 81' lang='lat' dir='ltr'><strong>Corporalia</strong></span> <span class='ocrx_word' id='word_1_146' title='bbox 1958 1157 2041 1226; x_wconf 90' lang='lat' dir='ltr'><strong>foris</strong></span> <span class='ocrx_word' id='word_1_147' title='bbox 2064 1163 2172 1227; x_wconf 91' lang='lat' dir='ltr'><strong>incur·</strong></span> 
     </span>
     <span class='ocr_line' id='line_1_12' title="bbox 156 1243 2173 1334; baseline -0 -21"><span class='ocrx_word' id='word_1_148' title='bbox 156 1248 215 1313; x_wconf 89' lang='lat' dir='ltr'><strong>riis</strong></span> <span class='ocrx_word' id='word_1_149' title='bbox 238 1269 259 1312; x_wconf 97' lang='lat' dir='ltr'><strong>o</strong></span> <span class='ocrx_word' id='word_1_150' title='bbox 283 1249 395 1314; x_wconf 89' lang='lat' dir='ltr'><strong>eribus</strong></span> <span class='ocrx_word' id='word_1_151' title='bbox 418 1268 456 1313; x_wconf 89' lang='lat' dir='ltr'><strong>se</strong></span> <span class='ocrx_word' id='word_1_152' title='bbox 477 1246 647 1333; x_wconf 84' lang='lat' dir='ltr'><strong>patefecit,</strong></span> <span class='ocrx_word' id='word_1_153' title='bbox 671 1248 839 1313; x_wconf 88' lang='lat' dir='ltr'><strong>sedetiam</strong></span> <span class='ocrx_word' id='word_1_154' title='bbox 852 1247 1138 1313; x_wconf 67' lang='lat' dir='ltr'><strong>extraordinarias</strong></span> <span class='ocrx_word' id='word_1_155' title='bbox 1189 1259 1266 1312; x_wconf 89' lang='lat' dir='ltr'><strong>runt</strong></span> <span class='ocrx_word' id='word_1_156' title='bbox 1293 1248 1327 1312; x_wconf 91' lang='lat' dir='ltr'><strong>iu</strong></span> <span class='ocrx_word' id='word_1_157' title='bbox 1356 1245 1487 1315; x_wconf 91' lang='lat' dir='ltr'><strong>ocules.</strong></span> <span class='ocrx_word' id='word_1_158' title='bbox 1540 1247 1669 1332; x_wconf 87' lang='lat' dir='ltr'><strong>Estque</strong></span> <span class='ocrx_word' id='word_1_159' title='bbox 1697 1247 1785 1311; x_wconf 90' lang='lat' dir='ltr'><strong>bona</strong></span> <span class='ocrx_word' id='word_1_160' title='bbox 1812 1243 1929 1333; x_wconf 77' lang='lat' dir='ltr'><strong>regula</strong></span> <span class='ocrx_word' id='word_1_161' title='bbox 1958 1248 2000 1311; x_wconf 89' lang='lat' dir='ltr'><strong>ab</strong></span> <span class='ocrx_word' id='word_1_162' title='bbox 2030 1247 2173 1334; x_wconf 87' lang='lat' dir='ltr'><strong>antiquis</strong></span> 
     </span>
     <span class='ocr_line' id='line_1_13' title="bbox 156 1269 2173 1420; baseline 0.001 -23"><span class='ocrx_word' id='word_1_163' title='bbox 156 1269 327 1409; x_wconf 69' lang='lat' dir='ltr'><strong>Sicutlex</strong></span> <span class='ocrx_word' id='word_1_164' title='bbox 348 1345 400 1399; x_wconf 89' lang='lat' dir='ltr'><strong>est</strong></span> <span class='ocrx_word' id='word_1_165' title='bbox 422 1336 499 1398; x_wconf 91' lang='lat' dir='ltr'><strong>data</strong></span> <span class='ocrx_word' id='word_1_166' title='bbox 522 1334 709 1419; x_wconf 86' lang='lat' dir='ltr'><strong>ingentibus</strong></span> <span class='ocrx_word' id='word_1_167' title='bbox 731 1335 940 1413; x_wconf 88' lang='lat' dir='ltr'><strong>testimoniis,</strong></span> <span class='ocrx_word' id='word_1_168' title='bbox 951 1333 1046 1399; x_wconf 89' lang='lat' dir='ltr'><strong>Nocb</strong></span> <span class='ocrx_word' id='word_1_169' title='bbox 1057 1331 1140 1415; x_wconf 74' lang='lat' dir='ltr'><strong>dors</strong></span> <span class='ocrx_word' id='word_1_170' title='bbox 1189 1333 1310 1399; x_wconf 89' lang='lat' dir='ltr'><strong>tradita</strong></span> <span class='ocrx_word' id='word_1_171' title='bbox 1332 1332 1375 1398; x_wconf 90' lang='lat' dir='ltr'><strong>de</strong></span> <span class='ocrx_word' id='word_1_172' title='bbox 1399 1330 1631 1420; x_wconf 77' lang='lat' dir='ltr'><strong>corporalibus</strong></span> <span class='ocrx_word' id='word_1_173' title='bbox 1649 1331 1832 1398; x_wconf 88' lang='lat' dir='ltr'><strong>miraculis:</strong></span> <span class='ocrx_word' id='word_1_174' title='bbox 1855 1331 2173 1400; x_wconf 63' lang='lat' dir='ltr'><strong>Cbmssetnencminetn</strong></span> 
     </span>
     <span class='ocr_line' id='line_1_14' title="bbox 112 1418 2172 1504; baseline 0 -18"><span class='ocrx_word' id='word_1_175' title='bbox 112 1445 115 1449; x_wconf 72' lang='grc'><strong><em>’</em></strong></span> <span class='ocrx_word' id='word_1_176' title='bbox 157 1423 208 1486; x_wconf 82' lang='lat' dir='ltr'><strong>cin</strong></span> <span class='ocrx_word' id='word_1_177' title='bbox 230 1418 355 1486; x_wconf 91' lang='lat' dir='ltr'><strong>Scurra</strong></span> <span class='ocrx_word' id='word_1_178' title='bbox 376 1420 577 1503; x_wconf 82' lang='lat' dir='ltr'><strong>enfftrettcn,</strong></span> <span class='ocrx_word' id='word_1_179' title='bbox 594 1421 662 1484; x_wconf 84' lang='lat' dir='ltr'><strong>aad</strong></span> <span class='ocrx_word' id='word_1_180' title='bbox 683 1419 781 1504; x_wconf 79' lang='lat' dir='ltr'><strong>derff</strong></span> <span class='ocrx_word' id='word_1_181' title='bbox 796 1440 907 1504; x_wconf 79' lang='lat' dir='ltr'><strong>sapen,</strong></span> <span class='ocrx_word' id='word_1_182' title='bbox 929 1421 991 1485; x_wconf 85' lang='lat' dir='ltr'><strong>der</strong></span> <span class='ocrx_word' id='word_1_183' title='bbox 1015 1418 1143 1503; x_wconf 67' lang='lat' dir='ltr'><strong>Teuffel</strong></span> <span class='ocrx_word' id='word_1_184' title='bbox 1189 1420 1323 1486; x_wconf 70' lang='lat' dir='ltr'><strong>ennead</strong></span> <span class='ocrx_word' id='word_1_185' title='bbox 1341 1422 1376 1483; x_wconf 86' lang='lat' dir='ltr'><strong>in</strong></span> <span class='ocrx_word' id='word_1_186' title='bbox 1396 1440 1547 1504; x_wconf 86' lang='lat' dir='ltr'><strong>corpore,</strong></span> <span class='ocrx_word' id='word_1_187' title='bbox 1559 1438 1724 1504; x_wconf 81' lang='lat' dir='ltr'><strong>pucmaen</strong></span> <span class='ocrx_word' id='word_1_188' title='bbox 1740 1419 1872 1485; x_wconf 79' lang='lat' dir='ltr'><strong>eenam&#39;t</strong></span> <span class='ocrx_word' id='word_1_189' title='bbox 1888 1426 1982 1484; x_wconf 83' lang='lat' dir='ltr'><strong>ettam</strong></span> <span class='ocrx_word' id='word_1_190' title='bbox 2000 1421 2035 1483; x_wconf 82' lang='lat' dir='ltr'><strong>in</strong></span> <span class='ocrx_word' id='word_1_191' title='bbox 2052 1421 2172 1486; x_wconf 72' lang='lat' dir='ltr'><strong>ambre</strong></span> 
     </span>
     <span class='ocr_line' id='line_1_15' title="bbox 157 1500 2173 1655; baseline -0 -83"><span class='ocrx_word' id='word_1_192' title='bbox 157 1506 220 1572; x_wconf 76' lang='lat' dir='ltr'><strong>bob</strong></span> <span class='ocrx_word' id='word_1_193' title='bbox 242 1507 303 1572; x_wconf 85' lang='lat' dir='ltr'><strong>des</strong></span> <span class='ocrx_word' id='word_1_194' title='bbox 325 1506 554 1573; x_wconf 74' lang='lat' dir='ltr'><strong>neceesarium</strong></span> <span class='ocrx_word' id='word_1_195' title='bbox 576 1504 722 1571; x_wconf 86' lang='lat' dir='ltr'><strong>erdocbt.</strong></span> <span class='ocrx_word' id='word_1_196' title='bbox 768 1503 924 1572; x_wconf 87' lang='lat' dir='ltr'><strong>Christus</strong></span> <span class='ocrx_word' id='word_1_197' title='bbox 952 1508 1003 1572; x_wconf 91' lang='lat' dir='ltr'><strong>sic</strong></span> <span class='ocrx_word' id='word_1_198' title='bbox 1033 1503 1138 1592; x_wconf 87' lang='lat' dir='ltr'><strong>lequi-</strong></span> <span class='ocrx_word' id='word_1_199' title='bbox 1275 1504 1386 1572; x_wconf 85' lang='lat' dir='ltr'><strong>Tertia</strong></span> <span class='ocrx_word' id='word_1_200' title='bbox 1408 1527 1531 1572; x_wconf 85' lang='lat' dir='ltr'><strong>caussa</strong></span> <span class='ocrx_word' id='word_1_201' title='bbox 1553 1518 1617 1585; x_wconf 87' lang='lat' dir='ltr'><strong>est,</strong></span> <span class='ocrx_word' id='word_1_202' title='bbox 1635 1506 1726 1655; x_wconf 60' lang='lat' dir='ltr'><strong>ppued</strong></span> <span class='ocrx_word' id='word_1_203' title='bbox 1749 1502 1908 1571; x_wconf 87' lang='lat' dir='ltr'><strong>miracula</strong></span> <span class='ocrx_word' id='word_1_204' title='bbox 1929 1517 2007 1571; x_wconf 90' lang='lat' dir='ltr'><strong>sunt</strong></span> <span class='ocrx_word' id='word_1_205' title='bbox 2022 1500 2173 1592; x_wconf 83' lang='lat' dir='ltr'><strong>exempla</strong></span> 
     </span>
     <span class='ocr_line' id='line_1_16' title="bbox 157 1588 2172 1677; baseline 0 -20"><span class='ocrx_word' id='word_1_206' title='bbox 157 1606 226 1658; x_wconf 86' lang='lat' dir='ltr'><strong>tur:</strong></span> <span class='ocrx_word' id='word_1_207' title='bbox 249 1591 346 1672; x_wconf 79' lang='lat' dir='ltr'><strong>Qned</strong></span> <span class='ocrx_word' id='word_1_208' title='bbox 362 1593 538 1670; x_wconf 75' lang='lat' dir='ltr'><strong>debeamus,</strong></span> <span class='ocrx_word' id='word_1_209' title='bbox 552 1590 702 1674; x_wconf 69' lang='lat' dir='ltr'><strong>fedane.</strong></span> <span class='ocrx_word' id='word_1_210' title='bbox 745 1590 789 1657; x_wconf 89' lang='lat' dir='ltr'><strong>Et</strong></span> <span class='ocrx_word' id='word_1_211' title='bbox 800 1590 942 1659; x_wconf 86' lang='lat' dir='ltr'><strong>Paulus=</strong></span> <span class='ocrx_word' id='word_1_212' title='bbox 964 1593 1139 1658; x_wconf 80' lang='lat' dir='ltr'><strong>Debitoree</strong></span> <span class='ocrx_word' id='word_1_213' title='bbox 1188 1591 1461 1677; x_wconf 79' lang='lat' dir='ltr'><strong>promissionum:</strong></span> <span class='ocrx_word' id='word_1_214' title='bbox 1501 1593 1588 1659; x_wconf 90' lang='lat' dir='ltr'><strong>sicut</strong></span> <span class='ocrx_word' id='word_1_215' title='bbox 1624 1593 1635 1654; x_wconf 97' lang='lat' dir='ltr'><strong>i</strong></span> <span class='ocrx_word' id='word_1_216' title='bbox 1663 1593 1674 1657; x_wconf 93' lang='lat' dir='ltr'><strong>i</strong></span> <span class='ocrx_word' id='word_1_217' title='bbox 1712 1590 1893 1677; x_wconf 90' lang='lat' dir='ltr'><strong>opitulatur</strong></span> <span class='ocrx_word' id='word_1_218' title='bbox 1922 1588 2094 1657; x_wconf 74' lang='lat' dir='ltr'><strong>Christusz</strong></span> <span class='ocrx_word' id='word_1_219' title='bbox 2125 1593 2172 1658; x_wconf 84' lang='lat' dir='ltr'><strong>lta</strong></span> 
     </span>
     <span class='ocr_line' id='line_1_17' title="bbox 157 1674 2173 1765; baseline 0 -21"><span class='ocrx_word' id='word_1_220' title='bbox 157 1698 273 1744; x_wconf 80' lang='lat' dir='ltr'><strong>eamne.</strong></span> <span class='ocrx_word' id='word_1_221' title='bbox 318 1685 413 1744; x_wconf 80' lang='lat' dir='ltr'><strong>item:</strong></span> <span class='ocrx_word' id='word_1_222' title='bbox 435 1678 507 1743; x_wconf 77' lang='lat' dir='ltr'><strong>Les</strong></span> <span class='ocrx_word' id='word_1_223' title='bbox 527 1679 694 1744; x_wconf 76' lang='lat' dir='ltr'><strong>stabilitor</strong></span> <span class='ocrx_word' id='word_1_224' title='bbox 714 1697 777 1763; x_wconf 87' lang='lat' dir='ltr'><strong>per</strong></span> <span class='ocrx_word' id='word_1_225' title='bbox 792 1678 904 1765; x_wconf 78' lang='lat' dir='ltr'><strong>fidem.</strong></span> <span class='ocrx_word' id='word_1_226' title='bbox 1190 1678 1287 1743; x_wconf 88' lang='lat' dir='ltr'><strong>etiam</strong></span> <span class='ocrx_word' id='word_1_227' title='bbox 1309 1679 1407 1743; x_wconf 89' lang='lat' dir='ltr'><strong>nobis</strong></span> <span class='ocrx_word' id='word_1_228' title='bbox 1433 1676 1505 1744; x_wconf 84' lang='lat' dir='ltr'><strong>vult</strong></span> <span class='ocrx_word' id='word_1_229' title='bbox 1534 1674 1705 1763; x_wconf 90' lang='lat' dir='ltr'><strong>opitulari,</strong></span> <span class='ocrx_word' id='word_1_230' title='bbox 1733 1679 1779 1743; x_wconf 83' lang='lat' dir='ltr'><strong>da</strong></span> <span class='ocrx_word' id='word_1_231' title='bbox 1806 1677 1914 1762; x_wconf 82' lang='lat' dir='ltr'><strong>lompt</strong></span> <span class='ocrx_word' id='word_1_232' title='bbox 1944 1695 2010 1742; x_wconf 84' lang='lat' dir='ltr'><strong>aaa</strong></span> <span class='ocrx_word' id='word_1_233' title='bbox 2038 1679 2094 1744; x_wconf 78' lang='lat' dir='ltr'><strong>dte</strong></span> <span class='ocrx_word' id='word_1_234' title='bbox 2114 1677 2173 1744; x_wconf 89' lang='lat' dir='ltr'><strong>de·</strong></span> 
     </span>
     <span class='ocr_line' id='line_1_18' title="bbox 245 1761 1926 1851; baseline -0.001 -23"><span class='ocrx_word' id='word_1_235' title='bbox 245 1764 312 1830; x_wconf 85' lang='lat' dir='ltr'><strong>lani</strong></span> <span class='ocrx_word' id='word_1_236' title='bbox 334 1765 524 1831; x_wconf 91' lang='lat' dir='ltr'><strong>accedimus</strong></span> <span class='ocrx_word' id='word_1_237' title='bbox 535 1766 579 1829; x_wconf 91' lang='lat' dir='ltr'><strong>ad</strong></span> <span class='ocrx_word' id='word_1_238' title='bbox 589 1765 857 1830; x_wconf 87' lang='lat' dir='ltr'><strong>extraordinaria</strong></span> <span class='ocrx_word' id='word_1_239' title='bbox 868 1784 981 1851; x_wconf 84' lang='lat' dir='ltr'><strong>opera.</strong></span> <span class='ocrx_word' id='word_1_240' title='bbox 1011 1763 1136 1842; x_wconf 79' lang='lat' dir='ltr'><strong>Causa,</strong></span> <span class='ocrx_word' id='word_1_241' title='bbox 1189 1767 1295 1830; x_wconf 86' lang='lat' dir='ltr'><strong>ctrina</strong></span> <span class='ocrx_word' id='word_1_242' title='bbox 1317 1764 1361 1831; x_wconf 88' lang='lat' dir='ltr'><strong>de</strong></span> <span class='ocrx_word' id='word_1_243' title='bbox 1381 1766 1659 1850; x_wconf 85' lang='lat' dir='ltr'><strong>promissionibus</strong></span> <span class='ocrx_word' id='word_1_244' title='bbox 1681 1761 1926 1849; x_wconf 83' lang='lat' dir='ltr'><strong>corporalibus.</strong></span> 
     </span>
     <span class='ocr_line' id='line_1_19' title="bbox 157 1847 1138 1937; baseline -0.003 -20"><span class='ocrx_word' id='word_1_245' title='bbox 157 1871 260 1937; x_wconf 87' lang='lat' dir='ltr'><strong>quare</strong></span> <span class='ocrx_word' id='word_1_246' title='bbox 282 1869 321 1916; x_wconf 91' lang='lat' dir='ltr'><strong>se</strong></span> <span class='ocrx_word' id='word_1_247' title='bbox 340 1851 435 1916; x_wconf 86' lang='lat' dir='ltr'><strong>Dens</strong></span> <span class='ocrx_word' id='word_1_248' title='bbox 457 1851 727 1916; x_wconf 85' lang='lat' dir='ltr'><strong>extraordinariis</strong></span> <span class='ocrx_word' id='word_1_249' title='bbox 750 1851 908 1937; x_wconf 84' lang='lat' dir='ltr'><strong>operibus</strong></span> <span class='ocrx_word' id='word_1_250' title='bbox 930 1847 1138 1937; x_wconf 81' lang='lat' dir='ltr'><strong>patefecerit,</strong></span> 
     </span>
     <span class='ocr_line' id='line_1_20' title="bbox 156 1933 1137 2023; baseline -0.003 -20"><span class='ocrx_word' id='word_1_251' title='bbox 156 1950 222 2017; x_wconf 89' lang='lat' dir='ltr'><strong>est,</strong></span> <span class='ocrx_word' id='word_1_252' title='bbox 244 1948 281 2002; x_wconf 90' lang='lat' dir='ltr'><strong>nt</strong></span> <span class='ocrx_word' id='word_1_253' title='bbox 302 1937 448 2002; x_wconf 84' lang='lat' dir='ltr'><strong>sciamus</strong></span> <span class='ocrx_word' id='word_1_254' title='bbox 465 1935 573 2002; x_wconf 89' lang='lat' dir='ltr'><strong>Deum</strong></span> <span class='ocrx_word' id='word_1_255' title='bbox 595 1956 674 2003; x_wconf 90' lang='lat' dir='ltr'><strong>esse</strong></span> <span class='ocrx_word' id='word_1_256' title='bbox 695 1936 910 2016; x_wconf 87' lang='lat' dir='ltr'><strong>liberrimum,</strong></span> <span class='ocrx_word' id='word_1_257' title='bbox 931 1957 998 2003; x_wconf 92' lang='lat' dir='ltr'><strong>nen</strong></span> <span class='ocrx_word' id='word_1_258' title='bbox 1021 1933 1137 2023; x_wconf 77' lang='lat' dir='ltr'><strong>alliga·</strong></span> 
     </span>
     <span class='ocr_line' id='line_1_21' title="bbox 156 2020 1908 2113; baseline -0.002 -24"><span class='ocrx_word' id='word_1_259' title='bbox 156 2033 225 2089; x_wconf 94' lang='lat' dir='ltr'><strong>tum</strong></span> <span class='ocrx_word' id='word_1_260' title='bbox 244 2024 376 2087; x_wconf 84' lang='lat' dir='ltr'><strong>caussis</strong></span> <span class='ocrx_word' id='word_1_261' title='bbox 398 2022 566 2088; x_wconf 87' lang='lat' dir='ltr'><strong>secundis.</strong></span> <span class='ocrx_word' id='word_1_262' title='bbox 620 2020 716 2090; x_wconf 87' lang='lat' dir='ltr'><strong>Deus</strong></span> <span class='ocrx_word' id='word_1_263' title='bbox 751 2020 822 2089; x_wconf 85' lang='lat' dir='ltr'><strong>vult</strong></span> <span class='ocrx_word' id='word_1_264' title='bbox 852 2020 1014 2110; x_wconf 80' lang='lat' dir='ltr'><strong>intelligi,</strong></span> <span class='ocrx_word' id='word_1_265' title='bbox 1047 2022 1138 2109; x_wconf 89' lang='lat' dir='ltr'><strong>quod</strong></span> <span class='ocrx_word' id='word_1_266' title='bbox 1899 2096 1908 2113; x_wconf 32' lang='grc' dir='ltr'>ι</span> 
     </span>
     <span class='ocr_line' id='line_1_22' title="bbox 155 2095 2130 2209; baseline -0.001 -34"><span class='ocrx_word' id='word_1_267' title='bbox 155 2128 224 2175; x_wconf 89' lang='lat' dir='ltr'><strong>uon</strong></span> <span class='ocrx_word' id='word_1_268' title='bbox 246 2109 291 2173; x_wconf 92' lang='lat' dir='ltr'><strong>sit</strong></span> <span class='ocrx_word' id='word_1_269' title='bbox 311 2128 405 2175; x_wconf 88' lang='lat' dir='ltr'><strong>mens</strong></span> <span class='ocrx_word' id='word_1_270' title='bbox 427 2110 582 2175; x_wconf 88' lang='lat' dir='ltr'><strong>immersa</strong></span> <span class='ocrx_word' id='word_1_271' title='bbox 604 2110 795 2176; x_wconf 84' lang='lat' dir='ltr'><strong>necessitati</strong></span> <span class='ocrx_word' id='word_1_272' title='bbox 807 2129 1003 2176; x_wconf 84' lang='lat' dir='ltr'><strong>causeamm</strong></span> <span class='ocrx_word' id='word_1_273' title='bbox 1023 2110 1057 2174; x_wconf 89' lang='lat' dir='ltr'><strong>in</strong></span> <span class='ocrx_word' id='word_1_274' title='bbox 1079 2128 1138 2174; x_wconf 92' lang='lat' dir='ltr'><strong>na·</strong></span> <span class='ocrx_word' id='word_1_275' title='bbox 1230 2095 1367 2200; x_wconf 80' lang='lat' dir='ltr'><strong>Quare</strong></span> <span class='ocrx_word' id='word_1_276' title='bbox 1397 2098 1570 2182; x_wconf 81' lang='lat' dir='ltr'><strong>traditae</strong></span> <span class='ocrx_word' id='word_1_277' title='bbox 1603 2108 1698 2181; x_wconf 83' lang='lat' dir='ltr'><strong>sunt</strong></span> <span class='ocrx_word' id='word_1_278' title='bbox 1727 2096 2010 2209; x_wconf 79' lang='lat' dir='ltr'><strong>promissiones</strong></span> <span class='ocrx_word' id='word_1_279' title='bbox 2041 2125 2130 2180; x_wconf 86' lang='lat' dir='ltr'><strong>cor·</strong></span> 
     </span>
     <span class='ocr_line' id='line_1_23' title="bbox 156 2192 1137 2284; baseline -0.001 -22"><span class='ocrx_word' id='word_1_280' title='bbox 156 2205 230 2262; x_wconf 90' lang='lat' dir='ltr'><strong>tura</strong></span> <span class='ocrx_word' id='word_1_281' title='bbox 251 2214 378 2274; x_wconf 89' lang='lat' dir='ltr'><strong>rerum,</strong></span> <span class='ocrx_word' id='word_1_282' title='bbox 401 2195 488 2262; x_wconf 91' lang='lat' dir='ltr'><strong>sicut</strong></span> <span class='ocrx_word' id='word_1_283' title='bbox 514 2192 575 2260; x_wconf 85' lang='lat' dir='ltr'><strong>Em</strong></span> <span class='ocrx_word' id='word_1_284' title='bbox 599 2195 736 2262; x_wconf 89' lang='lat' dir='ltr'><strong>edocles</strong></span> <span class='ocrx_word' id='word_1_285' title='bbox 762 2196 961 2284; x_wconf 82' lang='lat' dir='ltr'><strong>imaginatus</strong></span> <span class='ocrx_word' id='word_1_286' title='bbox 988 2192 1137 2274; x_wconf 86' lang='lat' dir='ltr'><strong>est,ch</strong></span> 
     </span>
    </p>
   </div>
   <div class='ocr_carea' id='block_1_3' title="bbox 155 2251 1773 2369">
    <p class='ocr_par' dir='ltr' id='par_1_3' title="bbox 155 2251 1773 2369">
     <span class='ocr_line' id='line_1_24' title="bbox 155 2251 1773 2369; baseline -0.005 -23"><span class='ocrx_word' id='word_1_287' title='bbox 155 2279 272 2348; x_wconf 81' lang='lat' dir='ltr'><strong>Stoici.</strong></span> <span class='ocrx_word' id='word_1_288' title='bbox 316 2280 431 2348; x_wconf 77' lang='lat' dir='ltr'><strong>nuber</strong></span> <span class='ocrx_word' id='word_1_289' title='bbox 449 2280 533 2348; x_wconf 83' lang='lat' dir='ltr'><strong>auct</strong></span> <span class='ocrx_word' id='word_1_290' title='bbox 586 2279 713 2369; x_wconf 75' lang='lat' dir='ltr'><strong>ugilius</strong></span> <span class='ocrx_word' id='word_1_291' title='bbox 735 2289 830 2367; x_wconf 71' lang='lat' dir='ltr'><strong>sapt:</strong></span> <span class='ocrx_word' id='word_1_292' title='bbox 1587 2251 1773 2365; x_wconf 75' lang='lat' dir='ltr'><strong>peralesl</strong></span> 
     </span>
    </p>
   </div>
   <div class='ocr_carea' id='block_1_4' title="bbox 267 2397 2172 2537">
    <p class='ocr_par' dir='ltr' id='par_1_4' title="bbox 267 2397 2172 2537">
     <span class='ocr_line' id='line_1_25' title="bbox 267 2397 2172 2537; baseline 0.025 -66"><span class='ocrx_word' id='word_1_293' title='bbox 267 2436 326 2452; x_wconf 92' lang='lat'>···-</span> <span class='ocrx_word' id='word_1_294' title='bbox 350 2409 513 2486; x_wconf 60' lang='lat' dir='ltr'><strong>telamque</strong></span> <span class='ocrx_word' id='word_1_295' title='bbox 532 2397 646 2483; x_wconf 53' lang='grc' dir='ltr'><strong>ΜΝ</strong></span> <span class='ocrx_word' id='word_1_296' title='bbox 663 2420 728 2486; x_wconf 63' lang='lat' dir='ltr'><strong>lm</strong></span> <span class='ocrx_word' id='word_1_297' title='bbox 744 2411 838 2469; x_wconf 65' lang='lat' dir='ltr'><strong>‘W&#39;</strong></span> <span class='ocrx_word' id='word_1_298' title='bbox 1275 2449 1385 2517; x_wconf 89' lang='lat' dir='ltr'><strong>Prima</strong></span> <span class='ocrx_word' id='word_1_299' title='bbox 1407 2470 1532 2519; x_wconf 78' lang='lat' dir='ltr'><strong>caussa</strong></span> <span class='ocrx_word' id='word_1_300' title='bbox 1553 2466 1618 2531; x_wconf 91' lang='lat' dir='ltr'><strong>est,</strong></span> <span class='ocrx_word' id='word_1_301' title='bbox 1641 2450 1720 2537; x_wconf 87' lang='lat' dir='ltr'><strong>quia</strong></span> <span class='ocrx_word' id='word_1_302' title='bbox 1737 2448 1832 2516; x_wconf 88' lang='lat' dir='ltr'><strong>Deus</strong></span> <span class='ocrx_word' id='word_1_303' title='bbox 1850 2447 1921 2516; x_wconf 85' lang='lat' dir='ltr'><strong>vult</strong></span> <span class='ocrx_word' id='word_1_304' title='bbox 1942 2461 2059 2516; x_wconf 86' lang='lat' dir='ltr'><strong>extare</strong></span> <span class='ocrx_word' id='word_1_305' title='bbox 2079 2451 2172 2519; x_wconf 89' lang='lat' dir='ltr'><strong>testl·</strong></span> 
     </span>
    </p>
   </div>
   <div class='ocr_carea' id='block_1_5' title="bbox 153 2487 2178 3089">
    <p class='ocr_par' dir='ltr' id='par_1_5' title="bbox 284 2487 2172 2710">
     <span class='ocr_line' id='line_1_26' title="bbox 284 2487 2172 2639; baseline 0.001 -36"><span class='ocrx_word' id='word_1_306' title='bbox 284 2487 383 2592; x_wconf 51' lang='lat' dir='ltr'><strong>Men?</strong></span> <span class='ocrx_word' id='word_1_307' title='bbox 415 2496 523 2639; x_wconf 53' lang='lat' dir='ltr'><strong>{W</strong></span> <span class='ocrx_word' id='word_1_308' title='bbox 552 2489 699 2601; x_wconf 46' lang='grc' dir='ltr'><strong>ΜΨ</strong></span> <span class='ocrx_word' id='word_1_309' title='bbox 716 2495 749 2555; x_wconf 56' lang='lat' dir='ltr'><strong>et</strong></span> <span class='ocrx_word' id='word_1_310' title='bbox 779 2507 895 2575; x_wconf 57' lang='lat' dir='ltr'><strong>mam</strong></span> <span class='ocrx_word' id='word_1_311' title='bbox 926 2507 961 2554; x_wconf 72' lang='lat'><strong>⁸⁶</strong></span> <span class='ocrx_word' id='word_1_312' title='bbox 998 2505 1149 2596; x_wconf 48' lang='lat' dir='ltr'><strong>W?</strong></span> <span class='ocrx_word' id='word_1_313' title='bbox 1188 2538 1299 2603; x_wconf 90' lang='lat' dir='ltr'><strong>menia</strong></span> <span class='ocrx_word' id='word_1_314' title='bbox 1320 2557 1403 2604; x_wconf 88' lang='lat' dir='ltr'><strong>suae</strong></span> <span class='ocrx_word' id='word_1_315' title='bbox 1447 2537 1663 2618; x_wconf 86' lang='lat' dir='ltr'><strong>revidentiae,</strong></span> <span class='ocrx_word' id='word_1_316' title='bbox 1684 2558 1727 2603; x_wconf 92' lang='lat' dir='ltr'><strong>ne</strong></span> <span class='ocrx_word' id='word_1_317' title='bbox 1748 2537 1853 2602; x_wconf 89' lang='lat' dir='ltr'><strong>simas</strong></span> <span class='ocrx_word' id='word_1_318' title='bbox 1877 2535 1994 2616; x_wconf 91' lang='lat' dir='ltr'><strong>Stoici,</strong></span> <span class='ocrx_word' id='word_1_319' title='bbox 2017 2536 2172 2605; x_wconf 73' lang='lat' dir='ltr'><strong>autrica-</strong></span> 
     </span>
     <span class='ocr_line' id='line_1_27' title="bbox 326 2560 2171 2710; baseline 0.001 -23"><span class='ocrx_word' id='word_1_320' title='bbox 326 2593 446 2640; x_wconf 57' lang='lat' dir='ltr'><strong>&#39;ww&#39;</strong></span> <span class='ocrx_word' id='word_1_321' title='bbox 829 2631 834 2637; x_wconf 81' lang='grc'><strong>’</strong></span> <span class='ocrx_word' id='word_1_322' title='bbox 1188 2624 1318 2703; x_wconf 89' lang='lat' dir='ltr'><strong>demici,</strong></span> <span class='ocrx_word' id='word_1_323' title='bbox 1340 2635 1398 2691; x_wconf 91' lang='lat' dir='ltr'><strong>aut</strong></span> <span class='ocrx_word' id='word_1_324' title='bbox 1418 2560 1614 2710; x_wconf 61' lang='lat' dir='ltr'><strong>lpicuraeb</strong></span> <span class='ocrx_word' id='word_1_325' title='bbox 1641 2625 1729 2692; x_wconf 89' lang='lat' dir='ltr'><strong>sieut</strong></span> <span class='ocrx_word' id='word_1_326' title='bbox 1753 2619 1831 2690; x_wconf 89' lang='lat' dir='ltr'><strong>illae</strong></span> <span class='ocrx_word' id='word_1_327' title='bbox 1859 2625 2016 2691; x_wconf 85' lang='lat' dir='ltr'><strong>tenebrae</strong></span> <span class='ocrx_word' id='word_1_328' title='bbox 2038 2633 2117 2691; x_wconf 89' lang='lat' dir='ltr'><strong>sont</strong></span> <span class='ocrx_word' id='word_1_329' title='bbox 2136 2624 2171 2688; x_wconf 89' lang='lat' dir='ltr'><strong>in</strong></span> 
     </span>
    </p>

    <p class='ocr_par' dir='ltr' id='par_1_6' title="bbox 153 2708 2178 3089">
     <span class='ocr_line' id='line_1_28' title="bbox 153 2708 1555 2802; baseline -0.004 -23"><span class='ocrx_word' id='word_1_330' title='bbox 153 2712 229 2779; x_wconf 87' lang='lat' dir='ltr'><strong>Det</strong></span> <span class='ocrx_word' id='word_1_331' title='bbox 251 2711 353 2779; x_wconf 86' lang='lat' dir='ltr'><strong>baben</strong></span> <span class='ocrx_word' id='word_1_332' title='bbox 374 2713 422 2777; x_wconf 82' lang='lat' dir='ltr'><strong>sic</strong></span> <span class='ocrx_word' id='word_1_333' title='bbox 442 2711 515 2778; x_wconf 82' lang='lat' dir='ltr'><strong>eleo</strong></span> <span class='ocrx_word' id='word_1_334' title='bbox 535 2713 755 2794; x_wconf 73' lang='lat' dir='ltr'><strong>carneaden,</strong></span> <span class='ocrx_word' id='word_1_335' title='bbox 789 2711 880 2799; x_wconf 82' lang='lat' dir='ltr'><strong>qued</strong></span> <span class='ocrx_word' id='word_1_336' title='bbox 902 2709 998 2779; x_wconf 83' lang='lat' dir='ltr'><strong>Deus</strong></span> <span class='ocrx_word' id='word_1_337' title='bbox 1019 2708 1136 2802; x_wconf 81' lang='lat' dir='ltr'><strong>alliga·</strong></span> <span class='ocrx_word' id='word_1_338' title='bbox 1187 2711 1355 2776; x_wconf 88' lang='lat' dir='ltr'><strong>mentibus</strong></span> <span class='ocrx_word' id='word_1_339' title='bbox 1375 2712 1555 2778; x_wconf 88' lang='lat' dir='ltr'><strong>hominum.</strong></span> 
     </span>
     <span class='ocr_line' id='line_1_29' title="bbox 153 2795 2174 2879; baseline -0.002 -12"><span class='ocrx_word' id='word_1_340' title='bbox 153 2800 274 2867; x_wconf 88' lang='lat' dir='ltr'><strong>tussit</strong></span> <span class='ocrx_word' id='word_1_341' title='bbox 296 2797 429 2865; x_wconf 86' lang='lat' dir='ltr'><strong>caussis</strong></span> <span class='ocrx_word' id='word_1_342' title='bbox 451 2799 620 2867; x_wconf 88' lang='lat' dir='ltr'><strong>secundis.</strong></span> <span class='ocrx_word' id='word_1_343' title='bbox 663 2799 736 2865; x_wconf 88' lang='lat' dir='ltr'><strong>Nos</strong></span> <span class='ocrx_word' id='word_1_344' title='bbox 758 2799 898 2866; x_wconf 75' lang='lat' dir='ltr'><strong>didmus</strong></span> <span class='ocrx_word' id='word_1_345' title='bbox 919 2801 1059 2867; x_wconf 78' lang='lat' dir='ltr'><strong>rectius:</strong></span> <span class='ocrx_word' id='word_1_346' title='bbox 1273 2797 1306 2862; x_wconf 71' lang='lat'><strong>2.</strong></span> <span class='ocrx_word' id='word_1_347' title='bbox 1351 2795 1500 2879; x_wconf 84' lang='lat' dir='ltr'><strong>Caussa,</strong></span> <span class='ocrx_word' id='word_1_348' title='bbox 1526 2809 1564 2866; x_wconf 94' lang='lat' dir='ltr'><strong>ut</strong></span> <span class='ocrx_word' id='word_1_349' title='bbox 1591 2798 1659 2863; x_wconf 81' lang='lat' dir='ltr'><strong>sirit</strong></span> <span class='ocrx_word' id='word_1_350' title='bbox 1684 2795 1874 2863; x_wconf 87' lang='lat' dir='ltr'><strong>testimonia</strong></span> <span class='ocrx_word' id='word_1_351' title='bbox 1904 2796 2174 2862; x_wconf 83' lang='lat' dir='ltr'><strong>conservationis</strong></span> 
     </span>
     <span class='ocr_line' id='line_1_30' title="bbox 283 2879 2178 2990; baseline 0 -40"><span class='ocrx_word' id='word_1_352' title='bbox 283 2912 355 2988; x_wconf 60' lang='grc' dir='ltr'><strong>Νόη</strong></span> <span class='ocrx_word' id='word_1_353' title='bbox 386 2917 480 2985; x_wconf 59' lang='lat' dir='ltr'><strong>Dm</strong></span> <span class='ocrx_word' id='word_1_354' title='bbox 510 2928 562 2990; x_wconf 49' lang='grc' dir='ltr'><strong>επ</strong></span> <span class='ocrx_word' id='word_1_355' title='bbox 592 2918 720 2988; x_wconf 61' lang='lat' dir='ltr'><strong>Nm</strong></span> <span class='ocrx_word' id='word_1_356' title='bbox 778 2918 965 2988; x_wconf 54' lang='lat' dir='ltr'><strong><em>Parem</em></strong></span> <span class='ocrx_word' id='word_1_357' title='bbox 1003 2938 1138 2987; x_wconf 58' lang='lat' dir='ltr'><strong><em>carme</em></strong></span> <span class='ocrx_word' id='word_1_358' title='bbox 1171 2879 1375 2965; x_wconf 79' lang='lat' dir='ltr'><strong>Ecclesiae.</strong></span> <span class='ocrx_word' id='word_1_359' title='bbox 1419 2882 1585 2952; x_wconf 87' lang='lat' dir='ltr'><strong>Promittit</strong></span> <span class='ocrx_word' id='word_1_360' title='bbox 1606 2883 1705 2951; x_wconf 89' lang='lat' dir='ltr'><strong>nobis</strong></span> <span class='ocrx_word' id='word_1_361' title='bbox 1719 2880 1812 2950; x_wconf 86' lang='lat' dir='ltr'><strong>Dens</strong></span> <span class='ocrx_word' id='word_1_362' title='bbox 1834 2879 2088 2969; x_wconf 67' lang='lat' dir='ltr'><strong>temperabant</strong></span> <span class='ocrx_word' id='word_1_363' title='bbox 2109 2881 2178 2950; x_wconf 74' lang='lat' dir='ltr'><strong>one·</strong></span> 
     </span>
     <span class='ocr_line' id='line_1_31' title="bbox 327 2966 2154 3089; baseline -0.001 -53"><span class='ocrx_word' id='word_1_364' title='bbox 327 3007 480 3089; x_wconf 53' lang='lat' dir='ltr'><em>domm,</em></span> <span class='ocrx_word' id='word_1_365' title='bbox 519 2991 521 2995; x_wconf 45' lang='lat'><strong>¹</strong></span> <span class='ocrx_word' id='word_1_366' title='bbox 730 2967 743 3002; x_wconf 80' lang='lat'><strong><em>⁹</em></strong></span> <span class='ocrx_word' id='word_1_367' title='bbox 1187 2989 1263 3037; x_wconf 88' lang='lat' dir='ltr'><strong>mus</strong></span> <span class='ocrx_word' id='word_1_368' title='bbox 1285 2989 1361 3041; x_wconf 86' lang='lat' dir='ltr'><strong>eum</strong></span> <span class='ocrx_word' id='word_1_369' title='bbox 1382 2969 1472 3038; x_wconf 87' lang='lat' dir='ltr'><strong>velle</strong></span> <span class='ocrx_word' id='word_1_370' title='bbox 1493 2989 1700 3037; x_wconf 88' lang='lat' dir='ltr'><strong>conservare</strong></span> <span class='ocrx_word' id='word_1_371' title='bbox 1721 2971 1754 3035; x_wconf 93' lang='lat' dir='ltr'><strong>in</strong></span> <span class='ocrx_word' id='word_1_372' title='bbox 1776 2968 1842 3036; x_wconf 85' lang='lat' dir='ltr'><strong>hec</strong></span> <span class='ocrx_word' id='word_1_373' title='bbox 1863 2969 1933 3035; x_wconf 90' lang='lat' dir='ltr'><strong>vita</strong></span> <span class='ocrx_word' id='word_1_374' title='bbox 1953 2966 2154 3035; x_wconf 82' lang='lat' dir='ltr'><strong>Ecclesiam.</strong></span> 
     </span>
    </p>
   </div>
   <div class='ocr_carea' id='block_1_6' title="bbox 282 3055 2236 3263">
    <p class='ocr_par' dir='ltr' id='par_1_7' title="bbox 282 3055 2236 3263">
     <span class='ocr_line' id='line_1_32' title="bbox 287 3055 2172 3176; baseline -0.018 -22"><span class='ocrx_word' id='word_1_375' title='bbox 287 3095 387 3172; x_wconf 80' lang='lat' dir='ltr'><strong>Qoatc</strong></span> <span class='ocrx_word' id='word_1_376' title='bbox 405 3091 590 3176; x_wconf 65' lang='lat' dir='ltr'><strong>parabata,-</strong></span> <span class='ocrx_word' id='word_1_377' title='bbox 611 3093 740 3160; x_wconf 58' lang='lat' dir='ltr'><strong>stoica,</strong></span> <span class='ocrx_word' id='word_1_378' title='bbox 760 3112 832 3159; x_wconf 62' lang='lat'><strong>2330</strong></span> <span class='ocrx_word' id='word_1_379' title='bbox 851 3091 960 3159; x_wconf 60' lang='lat' dir='ltr'><strong>Dm,</strong></span> <span class='ocrx_word' id='word_1_380' title='bbox 1252 3108 1255 3115; x_wconf 80' lang='grc'>.</span> <span class='ocrx_word' id='word_1_381' title='bbox 1274 3055 1306 3124; x_wconf 83' lang='grc'><strong>3.</strong></span> <span class='ocrx_word' id='word_1_382' title='bbox 1349 3055 1397 3124; x_wconf 91' lang='lat' dir='ltr'><strong>Ut</strong></span> <span class='ocrx_word' id='word_1_383' title='bbox 1417 3057 1502 3164; x_wconf 77' lang='lat' dir='ltr'><strong>fides</strong></span> <span class='ocrx_word' id='word_1_384' title='bbox 1524 3069 1643 3125; x_wconf 87' lang='lat' dir='ltr'><strong>nestra</strong></span> <span class='ocrx_word' id='word_1_385' title='bbox 1664 3066 1859 3162; x_wconf 74' lang='lat' dir='ltr'><strong>exerceatur</strong></span> <span class='ocrx_word' id='word_1_386' title='bbox 1880 3057 1914 3121; x_wconf 92' lang='lat' dir='ltr'><strong>in</strong></span> <span class='ocrx_word' id='word_1_387' title='bbox 1935 3056 2094 3141; x_wconf 88' lang='lat' dir='ltr'><strong>petitione</strong></span> <span class='ocrx_word' id='word_1_388' title='bbox 2116 3056 2172 3121; x_wconf 81' lang='lat' dir='ltr'><strong>be</strong></span> 
     </span>
     <span class='ocr_line' id='line_1_33' title="bbox 282 3139 2236 3263; baseline -0.01 -35"><span class='ocrx_word' id='word_1_389' title='bbox 282 3187 359 3250; x_wconf 61' lang='grc' dir='ltr'><strong>μθ</strong></span> <span class='ocrx_word' id='word_1_390' title='bbox 376 3186 485 3263; x_wconf 56' lang='lat' dir='ltr'><strong>pomp</strong></span> <span class='ocrx_word' id='word_1_391' title='bbox 506 3178 595 3246; x_wconf 54' lang='lat' dir='ltr'><strong>,popa</strong></span> <span class='ocrx_word' id='word_1_392' title='bbox 616 3199 734 3247; x_wconf 58' lang='lat' dir='ltr'><strong>mm,</strong></span> <span class='ocrx_word' id='word_1_393' title='bbox 754 3179 898 3246; x_wconf 56' lang='lat' dir='ltr'><strong>,mm</strong></span> <span class='ocrx_word' id='word_1_394' title='bbox 917 3179 1083 3254; x_wconf 51' lang='lat' dir='ltr'><em>„olam</em></span> <span class='ocrx_word' id='word_1_395' title='bbox 1188 3161 1307 3209; x_wconf 87' lang='lat' dir='ltr'><strong>norum</strong></span> <span class='ocrx_word' id='word_1_396' title='bbox 1328 3142 1569 3231; x_wconf 76' lang='lat' dir='ltr'><strong>corporalium:</strong></span> <span class='ocrx_word' id='word_1_397' title='bbox 1591 3163 1656 3210; x_wconf 87' lang='lat' dir='ltr'><strong>vos</strong></span> <span class='ocrx_word' id='word_1_398' title='bbox 1679 3145 1809 3210; x_wconf 80' lang='lat' dir='ltr'><strong>debens</strong></span> <span class='ocrx_word' id='word_1_399' title='bbox 1825 3153 1951 3227; x_wconf 88' lang='lat' dir='ltr'><strong>petere,</strong></span> <span class='ocrx_word' id='word_1_400' title='bbox 1962 3154 1998 3207; x_wconf 93' lang='lat' dir='ltr'><strong>ut</strong></span> <span class='ocrx_word' id='word_1_401' title='bbox 2009 3141 2066 3207; x_wconf 89' lang='lat' dir='ltr'><strong>det</strong></span> <span class='ocrx_word' id='word_1_402' title='bbox 2077 3139 2172 3209; x_wconf 86' lang='lat' dir='ltr'><strong>Deus</strong></span> <span class='ocrx_word' id='word_1_403' title='bbox 2234 3205 2236 3208; x_wconf 79' lang='grc'>,</span> 
     </span>
    </p>
   </div>
   <div class='ocr_carea' id='block_1_7' title="bbox 377 3251 2172 3402">
    <p class='ocr_par' dir='ltr' id='par_1_8' title="bbox 296 3227 2172 3402">
     <span class='ocr_line' id='line_1_34' title="bbox 377 3251 2172 3402; baseline -0.014 -0.166"><span class='ocrx_word' id='word_1_404' title='bbox 377 3266 465 3331; x_wconf 68' lang='lat' dir='ltr'><strong>e</strong></span> <span class='ocrx_word' id='word_1_405' title='bbox 485 3267 637 3351; x_wconf 50' lang='lat' dir='ltr'><strong>sea</strong></span> <span class='ocrx_word' id='word_1_406' title='bbox 655 3265 791 3354; x_wconf 70' lang='lat' dir='ltr'><strong>rc</strong></span> <span class='ocrx_word' id='word_1_407' title='bbox 1187 3251 2172 3402; x_wconf 52' lang='lat' dir='ltr'><strong>saffo,</strong></span> 
     </span>
    </p>
   </div>
   <div class='ocr_carea' id='block_1_8' title="bbox 59 3397 2172 5134">
    <p class='ocr_par' dir='ltr' id='par_1_9' title="bbox 59 3397 2172 5134">
     <span class='ocr_line' id='line_1_35' title="bbox 152 3397 2172 3492; baseline -0.002 -22"><span class='ocrx_word' id='word_1_408' title='bbox 152 3401 247 3470; x_wconf 88' lang='lat' dir='ltr'><strong>Deus</strong></span> <span class='ocrx_word' id='word_1_409' title='bbox 270 3405 304 3469; x_wconf 91' lang='lat' dir='ltr'><strong>in</strong></span> <span class='ocrx_word' id='word_1_410' title='bbox 326 3403 501 3485; x_wconf 77' lang='lat' dir='ltr'><strong>eductione</strong></span> <span class='ocrx_word' id='word_1_411' title='bbox 521 3404 730 3492; x_wconf 74' lang='lat' dir='ltr'><strong>eergypte</strong></span> <span class='ocrx_word' id='word_1_412' title='bbox 752 3401 831 3471; x_wconf 89' lang='lat' dir='ltr'><strong>feeit</strong></span> <span class='ocrx_word' id='word_1_413' title='bbox 852 3415 946 3470; x_wconf 89' lang='lat' dir='ltr'><strong>tanta</strong></span> <span class='ocrx_word' id='word_1_414' title='bbox 966 3399 1137 3483; x_wconf 86' lang='lat' dir='ltr'><strong>miracula,</strong></span> <span class='ocrx_word' id='word_1_415' title='bbox 1185 3402 1295 3487; x_wconf 69' lang='lat' dir='ltr'><strong>pebct,</strong></span> <span class='ocrx_word' id='word_1_416' title='bbox 1322 3415 1357 3469; x_wconf 91' lang='lat' dir='ltr'><strong>et</strong></span> <span class='ocrx_word' id='word_1_417' title='bbox 1387 3403 1536 3470; x_wconf 84' lang='lat' dir='ltr'><strong>differtur</strong></span> <span class='ocrx_word' id='word_1_418' title='bbox 1556 3424 1666 3491; x_wconf 91' lang='lat' dir='ltr'><strong>poena</strong></span> <span class='ocrx_word' id='word_1_419' title='bbox 1687 3401 1847 3479; x_wconf 90' lang='lat' dir='ltr'><strong>aliorum,</strong></span> <span class='ocrx_word' id='word_1_420' title='bbox 1876 3421 1962 3487; x_wconf 91' lang='lat' dir='ltr'><strong>ques</strong></span> <span class='ocrx_word' id='word_1_421' title='bbox 1982 3399 2078 3467; x_wconf 89' lang='lat' dir='ltr'><strong>Deus</strong></span> <span class='ocrx_word' id='word_1_422' title='bbox 2099 3397 2172 3466; x_wconf 83' lang='lat' dir='ltr'><strong>vult</strong></span> 
     </span>
     <span class='ocr_line' id='line_1_36' title="bbox 153 3485 2171 3579; baseline -0.003 -21"><span class='ocrx_word' id='word_1_423' title='bbox 153 3502 190 3558; x_wconf 88' lang='lat' dir='ltr'><strong>ut</strong></span> <span class='ocrx_word' id='word_1_424' title='bbox 211 3490 406 3556; x_wconf 89' lang='lat' dir='ltr'><strong>estenderet</strong></span> <span class='ocrx_word' id='word_1_425' title='bbox 427 3508 504 3554; x_wconf 85' lang='lat' dir='ltr'><strong>esse</strong></span> <span class='ocrx_word' id='word_1_426' title='bbox 526 3488 635 3556; x_wconf 88' lang='lat' dir='ltr'><strong>Deum</strong></span> <span class='ocrx_word' id='word_1_427' title='bbox 663 3511 769 3579; x_wconf 77' lang='lat' dir='ltr'><strong>agens</strong></span> <span class='ocrx_word' id='word_1_428' title='bbox 790 3489 943 3557; x_wconf 85' lang='lat' dir='ltr'><strong>liberum.</strong></span> <span class='ocrx_word' id='word_1_429' title='bbox 987 3494 1059 3558; x_wconf 83' lang='lat' dir='ltr'><strong>Dee</strong></span> <span class='ocrx_word' id='word_1_430' title='bbox 1080 3489 1139 3556; x_wconf 83' lang='lat' dir='ltr'><strong>bat</strong></span> <span class='ocrx_word' id='word_1_431' title='bbox 1189 3488 1437 3555; x_wconf 83' lang='lat' dir='ltr'><strong>commerciieri</strong></span> <span class='ocrx_word' id='word_1_432' title='bbox 1457 3501 1491 3556; x_wconf 89' lang='grc' dir='ltr'><strong>ει</strong></span> <span class='ocrx_word' id='word_1_433' title='bbox 1513 3490 1665 3557; x_wconf 89' lang='lat' dir='ltr'><strong>revocari</strong></span> <span class='ocrx_word' id='word_1_434' title='bbox 1686 3489 1729 3554; x_wconf 93' lang='lat' dir='ltr'><strong>ad</strong></span> <span class='ocrx_word' id='word_1_435' title='bbox 1750 3488 1999 3574; x_wconf 87' lang='lat' dir='ltr'><strong>poenitentiam.</strong></span> <span class='ocrx_word' id='word_1_436' title='bbox 2032 3485 2171 3553; x_wconf 88' lang='lat' dir='ltr'><strong>Debctis</strong></span> 
     </span>
     <span class='ocr_line' id='line_1_37' title="bbox 153 3572 2170 3664; baseline -0.002 -21"><span class='ocrx_word' id='word_1_437' title='bbox 153 3596 192 3643; x_wconf 87' lang='lat' dir='ltr'><strong>cr</strong></span> <span class='ocrx_word' id='word_1_438' title='bbox 212 3577 349 3662; x_wconf 70' lang='lat' dir='ltr'><strong>macipei</strong></span> <span class='ocrx_word' id='word_1_439' title='bbox 376 3576 584 3662; x_wconf 85' lang='lat' dir='ltr'><strong>inspectante</strong></span> <span class='ocrx_word' id='word_1_440' title='bbox 610 3595 647 3642; x_wconf 87' lang='lat' dir='ltr'><strong>re</strong></span> <span class='ocrx_word' id='word_1_441' title='bbox 696 3597 717 3642; x_wconf 94' lang='lat' dir='ltr'><strong>e</strong></span> <span class='ocrx_word' id='word_1_442' title='bbox 744 3577 931 3664; x_wconf 83' lang='lat' dir='ltr'><strong>Aegyptio,</strong></span> <span class='ocrx_word' id='word_1_443' title='bbox 959 3577 1050 3664; x_wconf 90' lang='lat' dir='ltr'><strong>qued</strong></span> <span class='ocrx_word' id='word_1_444' title='bbox 1076 3572 1138 3642; x_wconf 89' lang='lat' dir='ltr'><strong>fuit</strong></span> <span class='ocrx_word' id='word_1_445' title='bbox 1161 3604 1166 3658; x_wconf 73' lang='lat'>1</span> <span class='ocrx_word' id='word_1_446' title='bbox 1188 3595 1210 3640; x_wconf 87' lang='lat' dir='ltr'><strong>a</strong></span> <span class='ocrx_word' id='word_1_447' title='bbox 1227 3574 1302 3642; x_wconf 88' lang='lat' dir='ltr'><strong>Deo</strong></span> <span class='ocrx_word' id='word_1_448' title='bbox 1319 3578 1431 3641; x_wconf 90' lang='lat' dir='ltr'><strong>emnia</strong></span> <span class='ocrx_word' id='word_1_449' title='bbox 1452 3577 1541 3643; x_wconf 87' lang='lat' dir='ltr'><strong>bena</strong></span> <span class='ocrx_word' id='word_1_450' title='bbox 1561 3589 1685 3662; x_wconf 85' lang='lat' dir='ltr'><strong>petere,</strong></span> <span class='ocrx_word' id='word_1_451' title='bbox 1697 3577 1775 3662; x_wconf 89' lang='lat' dir='ltr'><strong>quia</strong></span> <span class='ocrx_word' id='word_1_452' title='bbox 1796 3584 1849 3639; x_wconf 89' lang='lat' dir='ltr'><strong>est</strong></span> <span class='ocrx_word' id='word_1_453' title='bbox 1870 3573 1963 3639; x_wconf 89' lang='lat' dir='ltr'><strong>dives</strong></span> <span class='ocrx_word' id='word_1_454' title='bbox 1985 3573 2020 3638; x_wconf 92' lang='lat' dir='ltr'><strong>in</strong></span> <span class='ocrx_word' id='word_1_455' title='bbox 2043 3591 2170 3643; x_wconf 81' lang='lat' dir='ltr'><strong>ornnes.</strong></span> 
     </span>
     <span class='ocr_line' id='line_1_38' title="bbox 153 3659 2171 3749; baseline -0.003 -18"><span class='ocrx_word' id='word_1_456' title='bbox 153 3674 232 3731; x_wconf 86' lang='lat' dir='ltr'><strong>tuuc</strong></span> <span class='ocrx_word' id='word_1_457' title='bbox 252 3664 287 3727; x_wconf 87' lang='lat' dir='ltr'><strong>in</strong></span> <span class='ocrx_word' id='word_1_458' title='bbox 308 3681 431 3748; x_wconf 79' lang='lat' dir='ltr'><strong>genere</strong></span> <span class='ocrx_word' id='word_1_459' title='bbox 453 3660 639 3749; x_wconf 88' lang='lat' dir='ltr'><strong>bumenep</strong></span> <span class='ocrx_word' id='word_1_460' title='bbox 677 3664 886 3729; x_wconf 84' lang='lat' dir='ltr'><strong>cherrimum.</strong></span> <span class='ocrx_word' id='word_1_461' title='bbox 930 3661 1025 3730; x_wconf 89' lang='lat' dir='ltr'><strong>Sicut</strong></span> <span class='ocrx_word' id='word_1_462' title='bbox 1048 3682 1136 3728; x_wconf 90' lang='lat' dir='ltr'><strong>nunc</strong></span> <span class='ocrx_word' id='word_1_463' title='bbox 1185 3660 1330 3728; x_wconf 89' lang='lat' dir='ltr'><strong>Divitiae</strong></span> <span class='ocrx_word' id='word_1_464' title='bbox 1351 3659 1417 3728; x_wconf 90' lang='lat' dir='ltr'><strong>Dei</strong></span> <span class='ocrx_word' id='word_1_465' title='bbox 1439 3682 1506 3728; x_wconf 92' lang='lat' dir='ltr'><strong>nen</strong></span> <span class='ocrx_word' id='word_1_466' title='bbox 1537 3675 1683 3747; x_wconf 89' lang='lat' dir='ltr'><strong>possunt</strong></span> <span class='ocrx_word' id='word_1_467' title='bbox 1710 3660 1885 3728; x_wconf 88' lang='lat' dir='ltr'><strong>exhauriri.</strong></span> <span class='ocrx_word' id='word_1_468' title='bbox 1931 3659 2008 3724; x_wconf 89' lang='lat' dir='ltr'><strong>Non</strong></span> <span class='ocrx_word' id='word_1_469' title='bbox 2031 3660 2171 3745; x_wconf 79' lang='lat' dir='ltr'><strong>cogites,</strong></span> 
     </span>
     <span class='ocr_line' id='line_1_39' title="bbox 152 3743 2170 3837; baseline -0.003 -21"><span class='ocrx_word' id='word_1_470' title='bbox 152 3747 262 3817; x_wconf 88' lang='lat' dir='ltr'><strong>selum</strong></span> <span class='ocrx_word' id='word_1_471' title='bbox 294 3768 434 3834; x_wconf 83' lang='lat' dir='ltr'><strong>regnum</strong></span> <span class='ocrx_word' id='word_1_472' title='bbox 467 3746 654 3829; x_wconf 88' lang='lat' dir='ltr'><strong>Gallicum,</strong></span> <span class='ocrx_word' id='word_1_473' title='bbox 700 3762 751 3815; x_wconf 89' lang='lat' dir='ltr'><strong>est</strong></span> <span class='ocrx_word' id='word_1_474' title='bbox 789 3771 929 3837; x_wconf 84' lang='lat' dir='ltr'><strong>regnum</strong></span> <span class='ocrx_word' id='word_1_475' title='bbox 967 3747 1136 3835; x_wconf 88' lang='lat' dir='ltr'><strong>praealiis.</strong></span> <span class='ocrx_word' id='word_1_476' title='bbox 1185 3768 1229 3814; x_wconf 90' lang='lat' dir='ltr'><strong>an</strong></span> <span class='ocrx_word' id='word_1_477' title='bbox 1250 3748 1346 3814; x_wconf 86' lang='lat' dir='ltr'><strong>Deus</strong></span> <span class='ocrx_word' id='word_1_478' title='bbox 1367 3745 1427 3815; x_wconf 87' lang='lat' dir='ltr'><strong>illa</strong></span> <span class='ocrx_word' id='word_1_479' title='bbox 1449 3749 1570 3816; x_wconf 73' lang='lat' dir='ltr'><strong>daret?</strong></span> <span class='ocrx_word' id='word_1_480' title='bbox 1591 3749 1670 3815; x_wconf 90' lang='lat' dir='ltr'><strong>Dat.</strong></span> <span class='ocrx_word' id='word_1_481' title='bbox 1704 3746 1932 3816; x_wconf 80' lang='lat' dir='ltr'><strong>Germanou</strong></span> <span class='ocrx_word' id='word_1_482' title='bbox 1953 3743 2033 3811; x_wconf 91' lang='lat' dir='ltr'><strong>facit</strong></span> <span class='ocrx_word' id='word_1_483' title='bbox 2054 3764 2170 3833; x_wconf 74' lang='lat' dir='ltr'><strong>regen</strong></span> 
     </span>
     <span class='ocr_line' id='line_1_40' title="bbox 158 3831 2172 3923; baseline -0.001 -23"><span class='ocrx_word' id='word_1_484' title='bbox 158 3831 260 3901; x_wconf 82' lang='lat' dir='ltr'><strong>Wcan</strong></span> <span class='ocrx_word' id='word_1_485' title='bbox 281 3833 335 3901; x_wconf 81' lang='lat' dir='ltr'><strong>ibt·</strong></span> <span class='ocrx_word' id='word_1_486' title='bbox 357 3835 410 3899; x_wconf 81' lang='lat' dir='ltr'><strong>die</strong></span> <span class='ocrx_word' id='word_1_487' title='bbox 430 3855 584 3921; x_wconf 89' lang='lat' dir='ltr'><strong>pompam</strong></span> <span class='ocrx_word' id='word_1_488' title='bbox 606 3835 739 3903; x_wconf 77' lang='lat' dir='ltr'><strong>emebat</strong></span> <span class='ocrx_word' id='word_1_489' title='bbox 763 3836 798 3901; x_wconf 93' lang='lat' dir='ltr'><strong>in</strong></span> <span class='ocrx_word' id='word_1_490' title='bbox 823 3834 948 3922; x_wconf 87' lang='lat' dir='ltr'><strong>nuptiis</strong></span> <span class='ocrx_word' id='word_1_491' title='bbox 977 3836 1136 3902; x_wconf 86' lang='lat' dir='ltr'><strong>sabaudi·</strong></span> <span class='ocrx_word' id='word_1_492' title='bbox 1186 3831 1341 3900; x_wconf 68' lang='lat' dir='ltr'><strong>Galliae?</strong></span> <span class='ocrx_word' id='word_1_493' title='bbox 1383 3835 1461 3902; x_wconf 88' lang='lat' dir='ltr'><strong>Nec</strong></span> <span class='ocrx_word' id='word_1_494' title='bbox 1494 3855 1579 3923; x_wconf 90' lang='lat' dir='ltr'><strong>epus</strong></span> <span class='ocrx_word' id='word_1_495' title='bbox 1614 3849 1675 3902; x_wconf 87' lang='lat' dir='ltr'><strong>est.</strong></span> <span class='ocrx_word' id='word_1_496' title='bbox 1738 3834 1840 3901; x_wconf 85' lang='lat' dir='ltr'><strong>chn</strong></span> <span class='ocrx_word' id='word_1_497' title='bbox 1870 3835 1932 3898; x_wconf 80' lang='lat' dir='ltr'><strong>etr</strong></span> <span class='ocrx_word' id='word_1_498' title='bbox 1964 3835 2029 3898; x_wconf 88' lang='lat' dir='ltr'><strong>elle</strong></span> <span class='ocrx_word' id='word_1_499' title='bbox 2057 3832 2172 3898; x_wconf 72' lang='lat' dir='ltr'><strong>woden</strong></span> 
     </span>
     <span class='ocr_line' id='line_1_41' title="bbox 152 3917 2172 4009; baseline -0.003 -18"><span class='ocrx_word' id='word_1_500' title='bbox 152 3925 224 4002; x_wconf 88' lang='lat' dir='ltr'><strong>cis,</strong></span> <span class='ocrx_word' id='word_1_501' title='bbox 255 3923 349 3988; x_wconf 88' lang='lat' dir='ltr'><strong>cuius</strong></span> <span class='ocrx_word' id='word_1_502' title='bbox 376 3917 436 3988; x_wconf 90' lang='lat' dir='ltr'><strong>fnit</strong></span> <span class='ocrx_word' id='word_1_503' title='bbox 457 3933 524 3987; x_wconf 90' lang='lat' dir='ltr'><strong>tam</strong></span> <span class='ocrx_word' id='word_1_504' title='bbox 545 3922 649 3987; x_wconf 89' lang='lat' dir='ltr'><strong>tristis</strong></span> <span class='ocrx_word' id='word_1_505' title='bbox 672 3924 803 4002; x_wconf 88' lang='lat' dir='ltr'><strong>exitus,</strong></span> <span class='ocrx_word' id='word_1_506' title='bbox 835 3923 987 3988; x_wconf 88' lang='lat' dir='ltr'><strong>interitus</strong></span> <span class='ocrx_word' id='word_1_507' title='bbox 1010 3919 1135 4009; x_wconf 79' lang='lat' dir='ltr'><strong>Regis:</strong></span> <span class='ocrx_word' id='word_1_508' title='bbox 1183 3921 1294 4007; x_wconf 75' lang='lat' dir='ltr'><strong>Kenip</strong></span> <span class='ocrx_word' id='word_1_509' title='bbox 1314 3923 1348 3986; x_wconf 85' lang='lat' dir='ltr'><strong>ia</strong></span> <span class='ocrx_word' id='word_1_510' title='bbox 1369 3920 1570 3989; x_wconf 80' lang='lat' dir='ltr'><strong>Frcnlrctcb</strong></span> <span class='ocrx_word' id='word_1_511' title='bbox 1590 3925 1670 4002; x_wconf 67' lang='lat' dir='ltr'><strong>adn,</strong></span> <span class='ocrx_word' id='word_1_512' title='bbox 1690 3943 1729 3990; x_wconf 84' lang='lat' dir='ltr'><strong>ee</strong></span> <span class='ocrx_word' id='word_1_513' title='bbox 1750 3929 1875 3989; x_wconf 81' lang='lat' dir='ltr'><strong>masten</strong></span> <span class='ocrx_word' id='word_1_514' title='bbox 1895 3917 2172 3985; x_wconf 77' lang='lat' dir='ltr'><strong>eielFrcnlcrcicb</strong></span> 
     </span>
     <span class='ocr_line' id='line_1_42' title="bbox 151 4004 2172 4096; baseline -0.003 -19"><span class='ocrx_word' id='word_1_515' title='bbox 151 4030 190 4078; x_wconf 85' lang='lat' dir='ltr'><strong>se</strong></span> <span class='ocrx_word' id='word_1_516' title='bbox 212 4008 290 4074; x_wconf 87' lang='lat' dir='ltr'><strong>bcbt</strong></span> <span class='ocrx_word' id='word_1_517' title='bbox 311 4007 365 4072; x_wconf 83' lang='lat' dir='ltr'><strong>ibt·</strong></span> <span class='ocrx_word' id='word_1_518' title='bbox 387 4006 471 4073; x_wconf 86' lang='lat' dir='ltr'><strong>anob</strong></span> <span class='ocrx_word' id='word_1_519' title='bbox 493 4011 544 4072; x_wconf 83' lang='lat' dir='ltr'><strong>cia</strong></span> <span class='ocrx_word' id='word_1_520' title='bbox 572 4010 704 4095; x_wconf 83' lang='lat' dir='ltr'><strong>insigne</strong></span> <span class='ocrx_word' id='word_1_521' title='bbox 731 4006 917 4096; x_wconf 88' lang='lat' dir='ltr'><strong>exemplum</strong></span> <span class='ocrx_word' id='word_1_522' title='bbox 945 4005 1135 4094; x_wconf 70' lang='lat' dir='ltr'><strong>fragilitatis</strong></span> <span class='ocrx_word' id='word_1_523' title='bbox 1186 4010 1266 4074; x_wconf 69' lang='lat' dir='ltr'><strong>adn.</strong></span> <span class='ocrx_word' id='word_1_524' title='bbox 1310 4010 1379 4074; x_wconf 85' lang='lat' dir='ltr'><strong>nat</strong></span> <span class='ocrx_word' id='word_1_525' title='bbox 1407 4005 1670 4093; x_wconf 70' lang='lat' dir='ltr'><strong>adfruendum,</strong></span> <span class='ocrx_word' id='word_1_526' title='bbox 1697 4009 1777 4075; x_wconf 92' lang='lat' dir='ltr'><strong>dicit</strong></span> <span class='ocrx_word' id='word_1_527' title='bbox 1806 4004 2172 4078; x_wconf 63' lang='lat' dir='ltr'><strong>coduscanorum</strong></span> 
     </span>
     <span class='ocr_line' id='line_1_43' title="bbox 150 4091 2009 4182; baseline -0.002 -20"><span class='ocrx_word' id='word_1_528' title='bbox 150 4095 328 4163; x_wconf 87' lang='lat' dir='ltr'><strong>humanae.</strong></span> <span class='ocrx_word' id='word_1_529' title='bbox 373 4093 452 4159; x_wconf 85' lang='lat' dir='ltr'><strong>Nan</strong></span> <span class='ocrx_word' id='word_1_530' title='bbox 477 4095 583 4180; x_wconf 88' lang='lat' dir='ltr'><strong>prima</strong></span> <span class='ocrx_word' id='word_1_531' title='bbox 609 4105 733 4162; x_wconf 82' lang='lat' dir='ltr'><strong>caussa</strong></span> <span class='ocrx_word' id='word_1_532' title='bbox 763 4106 816 4160; x_wconf 89' lang='lat' dir='ltr'><strong>est</strong></span> <span class='ocrx_word' id='word_1_533' title='bbox 848 4114 952 4182; x_wconf 89' lang='lat' dir='ltr'><strong>quare</strong></span> <span class='ocrx_word' id='word_1_534' title='bbox 979 4114 1018 4159; x_wconf 90' lang='lat' dir='ltr'><strong>se</strong></span> <span class='ocrx_word' id='word_1_535' title='bbox 1040 4092 1135 4162; x_wconf 89' lang='lat' dir='ltr'><strong>Dens</strong></span> <span class='ocrx_word' id='word_1_536' title='bbox 1185 4094 1277 4161; x_wconf 81' lang='lat' dir='ltr'><strong>recb&#39;t</strong></span> <span class='ocrx_word' id='word_1_537' title='bbox 1295 4097 1448 4181; x_wconf 73' lang='lat' dir='ltr'><strong>patience,</strong></span> <span class='ocrx_word' id='word_1_538' title='bbox 1470 4118 1536 4162; x_wconf 91' lang='lat' dir='ltr'><strong>nen</strong></span> <span class='ocrx_word' id='word_1_539' title='bbox 1560 4097 1648 4175; x_wconf 92' lang='lat' dir='ltr'><strong>dicit,</strong></span> <span class='ocrx_word' id='word_1_540' title='bbox 1670 4097 1717 4163; x_wconf 87' lang='lat' dir='ltr'><strong>ad</strong></span> <span class='ocrx_word' id='word_1_541' title='bbox 1733 4091 2009 4179; x_wconf 64' lang='lat' dir='ltr'><strong>presumendum.</strong></span> 
     </span>
     <span class='ocr_line' id='line_1_44' title="bbox 151 4153 2170 4316; baseline -0.001 -67"><span class='ocrx_word' id='word_1_542' title='bbox 151 4178 351 4269; x_wconf 76' lang='lat' dir='ltr'><strong>patefecerit</strong></span> <span class='ocrx_word' id='word_1_543' title='bbox 371 4181 643 4247; x_wconf 78' lang='lat' dir='ltr'><strong>entraordinariis</strong></span> <span class='ocrx_word' id='word_1_544' title='bbox 666 4182 840 4275; x_wconf 88' lang='lat' dir='ltr'><strong>operibus,</strong></span> <span class='ocrx_word' id='word_1_545' title='bbox 868 4193 905 4249; x_wconf 91' lang='lat' dir='ltr'><strong>ut</strong></span> <span class='ocrx_word' id='word_1_546' title='bbox 926 4180 1075 4247; x_wconf 87' lang='lat' dir='ltr'><strong>declaret</strong></span> <span class='ocrx_word' id='word_1_547' title='bbox 1097 4200 1136 4246; x_wconf 85' lang='lat' dir='ltr'><strong>se</strong></span> <span class='ocrx_word' id='word_1_548' title='bbox 1159 4153 1164 4316; x_wconf 69' lang='grc'><strong>,</strong></span> <span class='ocrx_word' id='word_1_549' title='bbox 1273 4183 1305 4246; x_wconf 82' lang='lat' dir='ltr'><strong>d.</strong></span> <span class='ocrx_word' id='word_1_550' title='bbox 1351 4181 1470 4248; x_wconf 91' lang='lat' dir='ltr'><strong>Omnis</strong></span> <span class='ocrx_word' id='word_1_551' title='bbox 1492 4184 1671 4268; x_wconf 85' lang='lat' dir='ltr'><strong>promissio</strong></span> <span class='ocrx_word' id='word_1_552' title='bbox 1694 4179 1882 4267; x_wconf 92' lang='lat' dir='ltr'><strong>corporalis</strong></span> <span class='ocrx_word' id='word_1_553' title='bbox 1904 4191 1957 4245; x_wconf 90' lang='lat' dir='ltr'><strong>est</strong></span> <span class='ocrx_word' id='word_1_554' title='bbox 1982 4194 2170 4246; x_wconf 83' lang='lat' dir='ltr'><strong>commene-</strong></span> 
     </span>
     <span class='ocr_line' id='line_1_45' title="bbox 151 4263 2170 4354; baseline -0.002 -19"><span class='ocrx_word' id='word_1_555' title='bbox 151 4286 221 4336; x_wconf 91' lang='lat' dir='ltr'><strong>nen</strong></span> <span class='ocrx_word' id='word_1_556' title='bbox 253 4287 331 4332; x_wconf 85' lang='lat' dir='ltr'><strong>esse</strong></span> <span class='ocrx_word' id='word_1_557' title='bbox 363 4263 533 4354; x_wconf 78' lang='lat' dir='ltr'><strong>alligatum</strong></span> <span class='ocrx_word' id='word_1_558' title='bbox 566 4278 716 4334; x_wconf 88' lang='lat' dir='ltr'><strong>naturae.</strong></span> <span class='ocrx_word' id='word_1_559' title='bbox 782 4266 934 4335; x_wconf 86' lang='lat' dir='ltr'><strong>Caussae</strong></span> <span class='ocrx_word' id='word_1_560' title='bbox 965 4266 1136 4334; x_wconf 87' lang='lat' dir='ltr'><strong>secundae</strong></span> <span class='ocrx_word' id='word_1_561' title='bbox 1185 4268 1289 4337; x_wconf 91' lang='lat' dir='ltr'><strong>factio</strong></span> <span class='ocrx_word' id='word_1_562' title='bbox 1312 4268 1354 4334; x_wconf 90' lang='lat' dir='ltr'><strong>de</strong></span> <span class='ocrx_word' id='word_1_563' title='bbox 1374 4270 1653 4354; x_wconf 88' lang='lat' dir='ltr'><strong>promissionibus</strong></span> <span class='ocrx_word' id='word_1_564' title='bbox 1674 4264 2170 4353; x_wconf 76' lang='lat' dir='ltr'><strong>spiritualibuszquia,quando</strong></span> 
     </span>
     <span class='ocr_line' id='line_1_46' title="bbox 152 4351 2170 4442; baseline -0.001 -22"><span class='ocrx_word' id='word_1_565' title='bbox 152 4355 334 4422; x_wconf 87' lang='lat' dir='ltr'><strong>ostendunt</strong></span> <span class='ocrx_word' id='word_1_566' title='bbox 345 4374 449 4440; x_wconf 89' lang='lat' dir='ltr'><strong>saepe</strong></span> <span class='ocrx_word' id='word_1_567' title='bbox 467 4364 621 4419; x_wconf 84' lang='lat' dir='ltr'><strong>mertem:</strong></span> <span class='ocrx_word' id='word_1_568' title='bbox 639 4355 716 4420; x_wconf 93' lang='lat' dir='ltr'><strong>item</strong></span> <span class='ocrx_word' id='word_1_569' title='bbox 734 4365 812 4420; x_wconf 89' lang='lat' dir='ltr'><strong>sunt</strong></span> <span class='ocrx_word' id='word_1_570' title='bbox 827 4352 894 4421; x_wconf 89' lang='lat' dir='ltr'><strong>alia</strong></span> <span class='ocrx_word' id='word_1_571' title='bbox 909 4351 1009 4434; x_wconf 91' lang='lat' dir='ltr'><strong>mala,</strong></span> <span class='ocrx_word' id='word_1_572' title='bbox 1023 4355 1056 4420; x_wconf 93' lang='lat' dir='ltr'><strong>in</strong></span> <span class='ocrx_word' id='word_1_573' title='bbox 1065 4355 1135 4441; x_wconf 88' lang='lat' dir='ltr'><strong>qui·</strong></span> <span class='ocrx_word' id='word_1_574' title='bbox 1187 4354 1273 4442; x_wconf 90' lang='lat' dir='ltr'><strong>petis</strong></span> <span class='ocrx_word' id='word_1_575' title='bbox 1296 4354 1503 4441; x_wconf 88' lang='lat' dir='ltr'><strong>corporalia,</strong></span> <span class='ocrx_word' id='word_1_576' title='bbox 1531 4357 1633 4421; x_wconf 88' lang='lat' dir='ltr'><strong>debet</strong></span> <span class='ocrx_word' id='word_1_577' title='bbox 1653 4353 1850 4441; x_wconf 85' lang='lat' dir='ltr'><strong>praelucere</strong></span> <span class='ocrx_word' id='word_1_578' title='bbox 1871 4352 1957 4419; x_wconf 82' lang='lat' dir='ltr'><strong>fides</strong></span> <span class='ocrx_word' id='word_1_579' title='bbox 1978 4364 2096 4439; x_wconf 90' lang='lat' dir='ltr'><strong>petens</strong></span> <span class='ocrx_word' id='word_1_580' title='bbox 2118 4371 2170 4418; x_wconf 88' lang='lat' dir='ltr'><strong>re·</strong></span> 
     </span>
     <span class='ocr_line' id='line_1_47' title="bbox 152 4437 2170 4527; baseline -0.002 -19"><span class='ocrx_word' id='word_1_581' title='bbox 152 4442 216 4508; x_wconf 85' lang='lat' dir='ltr'><strong>bue</strong></span> <span class='ocrx_word' id='word_1_582' title='bbox 227 4437 394 4507; x_wconf 88' lang='lat' dir='ltr'><strong>Diabolus</strong></span> <span class='ocrx_word' id='word_1_583' title='bbox 416 4440 547 4505; x_wconf 89' lang='lat' dir='ltr'><strong>videtur</strong></span> <span class='ocrx_word' id='word_1_584' title='bbox 568 4438 694 4506; x_wconf 87' lang='lat' dir='ltr'><strong>bebere</strong></span> <span class='ocrx_word' id='word_1_585' title='bbox 715 4452 842 4507; x_wconf 91' lang='lat' dir='ltr'><strong>tantum</strong></span> <span class='ocrx_word' id='word_1_586' title='bbox 860 4443 1055 4519; x_wconf 65' lang='lat' dir='ltr'><strong>roboriam</strong></span> <span class='ocrx_word' id='word_1_587' title='bbox 1072 4460 1135 4508; x_wconf 92' lang='lat' dir='ltr'><strong>nos</strong></span> <span class='ocrx_word' id='word_1_588' title='bbox 1187 4442 1380 4508; x_wconf 86' lang='lat' dir='ltr'><strong>missionem</strong></span> <span class='ocrx_word' id='word_1_589' title='bbox 1397 4454 1624 4527; x_wconf 87' lang='lat' dir='ltr'><strong>peccaterum:</strong></span> <span class='ocrx_word' id='word_1_590' title='bbox 1668 4442 1803 4509; x_wconf 78' lang='lat' dir='ltr'><strong>Borrine</strong></span> <span class='ocrx_word' id='word_1_591' title='bbox 1812 4486 1824 4519; x_wconf 93' lang='lat'>‚</span> <span class='ocrx_word' id='word_1_592' title='bbox 1852 4459 1893 4505; x_wconf 89' lang='lat' dir='ltr'><strong>ne</strong></span> <span class='ocrx_word' id='word_1_593' title='bbox 1920 4440 2094 4522; x_wconf 78' lang='lat' dir='ltr'><strong>inserere</strong></span> <span class='ocrx_word' id='word_1_594' title='bbox 2115 4445 2170 4504; x_wconf 82' lang='lat' dir='ltr'><strong>tec</strong></span> 
     </span>
     <span class='ocr_line' id='line_1_48' title="bbox 152 4525 2170 4682; baseline -0.001 -1"><span class='ocrx_word' id='word_1_595' title='bbox 152 4526 843 4681; x_wconf 45' lang='lat' dir='ltr'><strong>illini:abstinentiis</strong></span> <span class='ocrx_word' id='word_1_596' title='bbox 866 4546 945 4595; x_wconf 74' lang='lat'><strong>⁰⁸⁵⁰</strong></span> <span class='ocrx_word' id='word_1_597' title='bbox 967 4547 1075 4615; x_wconf 64' lang='lat'><strong>”⁸⁰³⁸</strong></span> <span class='ocrx_word' id='word_1_598' title='bbox 1097 4525 1136 4593; x_wconf 68' lang='lat'><strong>¹³&#39;</strong></span> <span class='ocrx_word' id='word_1_599' title='bbox 1187 4528 1997 4682; x_wconf 53' lang='lat' dir='ltr'><strong>titeditdettt‘ttafbtebni</strong></span> <span class='ocrx_word' id='word_1_600' title='bbox 2018 4525 2170 4592; x_wconf 47' lang='grc' dir='ltr'><strong>Μ</strong></span> 
     </span>
     <span class='ocr_line' id='line_1_49' title="bbox 240 4633 2166 4779; baseline -0.002 -15"><span class='ocrx_word' id='word_1_601' title='bbox 240 4661 396 4764; x_wconf 64' lang='lat' dir='ltr'><strong>secunda</strong></span> <span class='ocrx_word' id='word_1_602' title='bbox 430 4657 570 4765; x_wconf 52' lang='lat' dir='ltr'><strong>caussa,</strong></span> <span class='ocrx_word' id='word_1_603' title='bbox 587 4711 663 4779; x_wconf 90' lang='lat' dir='ltr'><strong>est,</strong></span> <span class='ocrx_word' id='word_1_604' title='bbox 718 4700 773 4765; x_wconf 88' lang='lat' dir='ltr'><strong>nia</strong></span> <span class='ocrx_word' id='word_1_605' title='bbox 810 4699 866 4764; x_wconf 90' lang='lat' dir='ltr'><strong>dat</strong></span> <span class='ocrx_word' id='word_1_606' title='bbox 899 4700 1136 4779; x_wconf 89' lang='lat' dir='ltr'><strong>testimonium,</strong></span> <span class='ocrx_word' id='word_1_607' title='bbox 1273 4699 1333 4765; x_wconf 92' lang='lat' dir='ltr'><strong>lllc</strong></span> <span class='ocrx_word' id='word_1_608' title='bbox 1359 4702 1481 4766; x_wconf 86' lang='lat' dir='ltr'><strong>surdus</strong></span> <span class='ocrx_word' id='word_1_609' title='bbox 1510 4713 1544 4767; x_wconf 93' lang='grc' dir='ltr'><strong>ει</strong></span> <span class='ocrx_word' id='word_1_610' title='bbox 1571 4661 1682 4767; x_wconf 74' lang='lat' dir='ltr'><strong>mutus</strong></span> <span class='ocrx_word' id='word_1_611' title='bbox 1711 4633 1885 4768; x_wconf 63' lang='lat' dir='ltr'><strong>allducellur</strong></span> <span class='ocrx_word' id='word_1_612' title='bbox 1913 4699 1957 4764; x_wconf 91' lang='lat' dir='ltr'><strong>ad</strong></span> <span class='ocrx_word' id='word_1_613' title='bbox 1985 4695 2166 4777; x_wconf 82' lang='lat' dir='ltr'><strong>Christum,</strong></span> 
     </span>
     <span class='ocr_line' id='line_1_50' title="bbox 153 4782 2169 4874; baseline -0 -24"><span class='ocrx_word' id='word_1_614' title='bbox 153 4785 243 4874; x_wconf 89' lang='lat' dir='ltr'><strong>qnod</strong></span> <span class='ocrx_word' id='word_1_615' title='bbox 266 4785 418 4850; x_wconf 83' lang='lat' dir='ltr'><strong>doctrina</strong></span> <span class='ocrx_word' id='word_1_616' title='bbox 438 4783 615 4851; x_wconf 88' lang='lat' dir='ltr'><strong>Ecclesiae</strong></span> <span class='ocrx_word' id='word_1_617' title='bbox 643 4786 687 4850; x_wconf 92' lang='lat' dir='ltr'><strong>sit</strong></span> <span class='ocrx_word' id='word_1_618' title='bbox 707 4787 813 4871; x_wconf 79' lang='lat' dir='ltr'><strong>ipsius</strong></span> <span class='ocrx_word' id='word_1_619' title='bbox 835 4787 997 4852; x_wconf 81' lang='lat' dir='ltr'><strong>doctrina.</strong></span> <span class='ocrx_word' id='word_1_620' title='bbox 1043 4784 1137 4853; x_wconf 83' lang='lat' dir='ltr'><strong>Chri·</strong></span> <span class='ocrx_word' id='word_1_621' title='bbox 1187 4787 1310 4871; x_wconf 89' lang='lat' dir='ltr'><strong>petitur</strong></span> <span class='ocrx_word' id='word_1_622' title='bbox 1330 4789 1478 4867; x_wconf 89' lang='lat' dir='ltr'><strong>sanatio,</strong></span> <span class='ocrx_word' id='word_1_623' title='bbox 1506 4801 1539 4852; x_wconf 89' lang='lat' dir='ltr'><strong>et</strong></span> <span class='ocrx_word' id='word_1_624' title='bbox 1567 4798 1717 4854; x_wconf 89' lang='lat' dir='ltr'><strong>sanatur.</strong></span> <span class='ocrx_word' id='word_1_625' title='bbox 1774 4786 1822 4851; x_wconf 88' lang='lat' dir='ltr'><strong>lta</strong></span> <span class='ocrx_word' id='word_1_626' title='bbox 1854 4785 1953 4851; x_wconf 87' lang='lat' dir='ltr'><strong>nobis</strong></span> <span class='ocrx_word' id='word_1_627' title='bbox 1979 4782 2169 4868; x_wconf 85' lang='lat' dir='ltr'><strong>petentibus</strong></span> 
     </span>
     <span class='ocr_line' id='line_1_51' title="bbox 59 4865 2168 4960; baseline -0 -23"><span class='ocrx_word' id='word_1_628' title='bbox 59 4917 66 4924; x_wconf 83' lang='lat'>-</span> <span class='ocrx_word' id='word_1_629' title='bbox 153 4882 228 4937; x_wconf 89' lang='lat' dir='ltr'><strong>stus</strong></span> <span class='ocrx_word' id='word_1_630' title='bbox 250 4865 330 4935; x_wconf 88' lang='lat' dir='ltr'><strong>facit</strong></span> <span class='ocrx_word' id='word_1_631' title='bbox 351 4881 398 4937; x_wconf 91' lang='lat' dir='ltr'><strong>tot</strong></span> <span class='ocrx_word' id='word_1_632' title='bbox 420 4868 578 4938; x_wconf 89' lang='lat' dir='ltr'><strong>miracula</strong></span> <span class='ocrx_word' id='word_1_633' title='bbox 599 4871 842 4959; x_wconf 84' lang='lat' dir='ltr'><strong>inEvangelie,</strong></span> <span class='ocrx_word' id='word_1_634' title='bbox 863 4885 900 4938; x_wconf 93' lang='lat' dir='ltr'><strong>ut</strong></span> <span class='ocrx_word' id='word_1_635' title='bbox 921 4874 1076 4939; x_wconf 88' lang='lat' dir='ltr'><strong>ostendat</strong></span> <span class='ocrx_word' id='word_1_636' title='bbox 1098 4892 1137 4939; x_wconf 90' lang='lat' dir='ltr'><strong>se</strong></span> <span class='ocrx_word' id='word_1_637' title='bbox 1187 4874 1334 4960; x_wconf 85' lang='lat' dir='ltr'><strong>ingentia</strong></span> <span class='ocrx_word' id='word_1_638' title='bbox 1360 4875 1449 4940; x_wconf 91' lang='lat' dir='ltr'><strong>bena</strong></span> <span class='ocrx_word' id='word_1_639' title='bbox 1482 4872 1670 4960; x_wconf 89' lang='lat' dir='ltr'><strong>corporalia</strong></span> <span class='ocrx_word' id='word_1_640' title='bbox 1703 4875 1831 4940; x_wconf 87' lang='lat' dir='ltr'><strong>dantur.</strong></span> <span class='ocrx_word' id='word_1_641' title='bbox 1882 4869 1924 4936; x_wconf 79' lang='lat' dir='ltr'><strong>lit</strong></span> <span class='ocrx_word' id='word_1_642' title='bbox 1944 4869 2039 4936; x_wconf 90' lang='lat' dir='ltr'><strong>Deus</strong></span> <span class='ocrx_word' id='word_1_643' title='bbox 2066 4865 2168 4936; x_wconf 81' lang='lat' dir='ltr'><strong>mdta</strong></span> 
     </span>
     <span class='ocr_line' id='line_1_52' title="bbox 154 4952 2168 5046; baseline -0.001 -22"><span class='ocrx_word' id='word_1_644' title='bbox 154 4958 292 5024; x_wconf 90' lang='lat' dir='ltr'><strong>missum</strong></span> <span class='ocrx_word' id='word_1_645' title='bbox 310 4977 331 5021; x_wconf 92' lang='lat' dir='ltr'><strong>a</strong></span> <span class='ocrx_word' id='word_1_646' title='bbox 351 4968 469 5043; x_wconf 89' lang='lat' dir='ltr'><strong>patre,</strong></span> <span class='ocrx_word' id='word_1_647' title='bbox 504 4967 539 5024; x_wconf 89' lang='lat' dir='ltr'><strong>et</strong></span> <span class='ocrx_word' id='word_1_648' title='bbox 564 4959 750 5026; x_wconf 90' lang='lat' dir='ltr'><strong>doctrinam</strong></span> <span class='ocrx_word' id='word_1_649' title='bbox 782 4979 877 5024; x_wconf 90' lang='lat' dir='ltr'><strong>suam</strong></span> <span class='ocrx_word' id='word_1_650' title='bbox 906 4980 1019 5025; x_wconf 86' lang='lat' dir='ltr'><strong>veram</strong></span> <span class='ocrx_word' id='word_1_651' title='bbox 1047 4979 1136 5025; x_wconf 90' lang='lat' dir='ltr'><strong>esse.</strong></span> <span class='ocrx_word' id='word_1_652' title='bbox 1188 4961 1255 5039; x_wconf 89' lang='lat' dir='ltr'><strong>dat,</strong></span> <span class='ocrx_word' id='word_1_653' title='bbox 1277 4980 1342 5046; x_wconf 90' lang='lat' dir='ltr'><strong>que</strong></span> <span class='ocrx_word' id='word_1_654' title='bbox 1363 4981 1431 5026; x_wconf 92' lang='lat' dir='ltr'><strong>nen</strong></span> <span class='ocrx_word' id='word_1_655' title='bbox 1454 4961 1605 5045; x_wconf 89' lang='lat' dir='ltr'><strong>petimus.</strong></span> <span class='ocrx_word' id='word_1_656' title='bbox 1650 4961 1798 5027; x_wconf 87' lang='lat' dir='ltr'><strong>Potestis</strong></span> <span class='ocrx_word' id='word_1_657' title='bbox 1821 4958 1919 5024; x_wconf 91' lang='lat' dir='ltr'><strong>etiam</strong></span> <span class='ocrx_word' id='word_1_658' title='bbox 1940 4957 2066 5021; x_wconf 88' lang='lat' dir='ltr'><strong>addere</strong></span> <span class='ocrx_word' id='word_1_659' title='bbox 2087 4952 2168 5022; x_wconf 83' lang='lat' dir='ltr'><strong>alle·</strong></span> 
     </span>
     <span class='ocr_line' id='line_1_53' title="bbox 155 5042 2168 5134; baseline -0.001 -24"><span class='ocrx_word' id='word_1_660' title='bbox 155 5043 242 5110; x_wconf 87' lang='lat' dir='ltr'><strong>Sunt</strong></span> <span class='ocrx_word' id='word_1_661' title='bbox 264 5053 374 5108; x_wconf 91' lang='lat' dir='ltr'><strong>autem</strong></span> <span class='ocrx_word' id='word_1_662' title='bbox 395 5042 557 5111; x_wconf 89' lang='lat' dir='ltr'><strong>miracula</strong></span> <span class='ocrx_word' id='word_1_663' title='bbox 579 5044 645 5112; x_wconf 91' lang='lat' dir='ltr'><strong>alia</strong></span> <span class='ocrx_word' id='word_1_664' title='bbox 667 5042 866 5131; x_wconf 83' lang='lat' dir='ltr'><strong>spiritualia,</strong></span> <span class='ocrx_word' id='word_1_665' title='bbox 886 5044 1136 5132; x_wconf 84' lang='lat' dir='ltr'><strong>alia&#39;cerpora-</strong></span> <span class='ocrx_word' id='word_1_666' title='bbox 1187 5049 1324 5134; x_wconf 78' lang='lat' dir='ltr'><strong>gerlam.</strong></span> <span class='ocrx_word' id='word_1_667' title='bbox 1369 5042 1508 5112; x_wconf 89' lang='lat' dir='ltr'><strong>Debctis</strong></span> <span class='ocrx_word' id='word_1_668' title='bbox 1530 5059 1661 5133; x_wconf 90' lang='lat' dir='ltr'><strong>petere:</strong></span> <span class='ocrx_word' id='word_1_669' title='bbox 1684 5043 1932 5113; x_wconf 89' lang='lat' dir='ltr'><strong>DomineDeus</strong></span> <span class='ocrx_word' id='word_1_670' title='bbox 1954 5043 2046 5127; x_wconf 89' lang='lat' dir='ltr'><strong>aperi</strong></span> <span class='ocrx_word' id='word_1_671' title='bbox 2067 5059 2168 5109; x_wconf 82' lang='lat' dir='ltr'><strong>aures</strong></span> 
     </span>
    </p>
   </div>
   <div class='ocr_carea' id='block_1_9' title="bbox 154 5125 2169 5315">
    <p class='ocr_par' dir='ltr' id='par_1_10' title="bbox 154 5125 2169 5315">
     <span class='ocr_line' id='line_1_54' title="bbox 154 5125 2169 5232; baseline -0.002 -33"><span class='ocrx_word' id='word_1_672' title='bbox 154 5125 210 5199; x_wconf 83' lang='lat' dir='ltr'><strong>lle·</strong></span> <span class='ocrx_word' id='word_1_673' title='bbox 256 5126 448 5215; x_wconf 88' lang='lat' dir='ltr'><strong>Spiritualia</strong></span> <span class='ocrx_word' id='word_1_674' title='bbox 464 5141 554 5211; x_wconf 83' lang='lat' dir='ltr'><strong>sunt,</strong></span> <span class='ocrx_word' id='word_1_675' title='bbox 572 5132 707 5221; x_wconf 89' lang='lat' dir='ltr'><strong>qnando</strong></span> <span class='ocrx_word' id='word_1_676' title='bbox 729 5132 872 5200; x_wconf 86' lang='lat' dir='ltr'><strong>sentitur</strong></span> <span class='ocrx_word' id='word_1_677' title='bbox 893 5129 1080 5202; x_wconf 84' lang='lat' dir='ltr'><strong>consolatio</strong></span> <span class='ocrx_word' id='word_1_678' title='bbox 1102 5134 1135 5199; x_wconf 89' lang='lat' dir='ltr'><strong>in</strong></span> <span class='ocrx_word' id='word_1_679' title='bbox 1185 5135 1318 5212; x_wconf 67' lang='lat' dir='ltr'><strong>mentm,</strong></span> <span class='ocrx_word' id='word_1_680' title='bbox 1339 5143 1377 5200; x_wconf 88' lang='lat' dir='ltr'><strong>ut</strong></span> <span class='ocrx_word' id='word_1_681' title='bbox 1397 5135 1537 5232; x_wconf 82' lang='lat' dir='ltr'><strong>rerbam</strong></span> <span class='ocrx_word' id='word_1_682' title='bbox 1559 5126 1800 5223; x_wconf 78' lang='lat' dir='ltr'><strong>intelligamus,</strong></span> <span class='ocrx_word' id='word_1_683' title='bbox 1822 5141 1856 5196; x_wconf 88' lang='lat' dir='ltr'><strong>et</strong></span> <span class='ocrx_word' id='word_1_684' title='bbox 1877 5127 2044 5218; x_wconf 78' lang='lat' dir='ltr'><strong>linguam,</strong></span> <span class='ocrx_word' id='word_1_685' title='bbox 2071 5139 2108 5195; x_wconf 93' lang='lat' dir='ltr'><strong>ut</strong></span> <span class='ocrx_word' id='word_1_686' title='bbox 2136 5137 2169 5194; x_wconf 88' lang='lat' dir='ltr'><strong>te</strong></span> 
     </span>
     <span class='ocr_line' id='line_1_55' title="bbox 310 5253 1944 5315; baseline 0.009 -7"><span class='ocrx_word' id='word_1_687' title='bbox 310 5265 552 5315; x_wconf 65' lang='lat' dir='ltr'><strong>remanseran.</strong></span> <span class='ocrx_word' id='word_1_688' title='bbox 566 5267 714 5312; x_wconf 74' lang='lat' dir='ltr'><strong>veuxxr.</strong></span> <span class='ocrx_word' id='word_1_689' title='bbox 1910 5253 1944 5303; x_wconf 70' lang='lat'><strong>⁹4</strong></span> 
     </span>
    </p>
   </div>
   <div class='ocr_carea' id='block_1_10' title="bbox 0 0 2314 5588">
    <p class='ocr_par' dir='ltr' id='par_1_11' title="bbox 0 0 2314 5588">
     <span class='ocr_line' id='line_1_56' title="bbox 0 0 2314 5588; baseline 0 1"><span class='ocrx_word' id='word_1_690' title='bbox 0 0 2314 5588; x_wconf 95' lang='lat' dir='ltr'><strong> </strong></span> 
     </span>
    </p>
   </div>
  </div>
 </body>
</html>
