4620 5588
159 249 242 329 rsa
823 241 1490 340 ,ausuum-mauruntum
2106 243 2191 319 ιιι-

101 470 104 476 ’
159 444 323 507 bertutem
344 437 558 516 adstrictam,
587 435 714 512 idest,
743 430 858 520 politia
880 445 953 500 erat
967 453 1141 520 oppressa
1162 429 1168 543 Ι
1192 429 1280 499 bello
1304 453 1373 498 nou
1394 430 1503 500 solum
1525 432 1753 519 quaerendum
1773 442 1846 513 est,
1869 428 1949 520 quid
1971 433 2093 501 iustum
2115 436 2173 515 slt.

158 528 327 593 servitute
357 523 538 589 Praeterea
558 519 635 607 plus
657 531 710 588 est
731 521 765 585 iu
788 517 1018 600 conclusione,
1040 541 1139 605 quam
1190 519 1391 599 sedetiam,
1425 521 1505 607 quid
1526 519 1570 585 sit
1594 520 1839 598 necessarium,
1873 531 1906 585 et
1933 539 1978 586 an
1999 521 2042 585 sit
2063 521 2172 606 poesi·
2268 605 2271 608 ·

158 610 221 679 l'uit
241 613 275 677 iu
298 610 505 695 praemissis,
529 609 662 693 quando
686 607 753 675 hoc
773 617 945 673 attexunt=
968 607 1058 693 Eryo
1079 625 1140 672 uos
1190 604 1269 673 hile.
1313 605 1497 671 Zacharias
1529 618 1563 672 et
1589 605 1724 671 Simeon
1754 605 1911 671 videbant
1939 626 2017 671 esse
2037 617 2171 692 tempus

158 698 306 765 aetem
327 717 422 763 armo
444 714 573 779 cupere.
604 693 681 759 Non
703 693 869 780 aequitare
887 692 982 761 Deus
1005 693 1155 780 promit-4
1190 689 1270 771 tale,
1291 713 1358 780 quo
1382 693 1474 758 viros
1495 693 1538 758 ad
1570 692 1791 758 dimicandum
1817 693 1958 757 idoneos
1981 711 2046 757 non
2068 688 2189 759 haoe‘

159 787 200 850 tit-
219 782 397 850 Ecclesiae
418 785 555 849 victum:
576 778 669 866 Ergo
691 780 817 866 rapiam
840 800 881 845 ex
904 777 1026 846 alieno.
1069 777 1138 844 De·
1191 780 1271 844 hant
1303 780 1348 844 ad
1376 799 1456 845 recu
1481 779 1638 844 erendum
1659 775 1864 844 libertatemr
1889 779 2046 844 vinebunt
2069 780 2169 847 etiam

158 892 200 937 us
223 869 381 954 promittit
404 868 526 934 victum
545 864 740 932 Ecclesiaer
769 866 831 930 sed
854 867 962 932 debeo
984 867 1137 931 ordinato
1190 860 1335 930 futurum
1367 800 1526 950 poparum
1556 866 1588 929 in
1622 865 1782 930 servitute
1838 877 1953 951 rupter
1992 866 2172 933 adventum

159 957 260 1023 modo
282 974 458 1042 quaereret
480 966 525 1032 et,
548 953 577 1017 si
589 952 685 1019 Deus
704 949 845 1018 voluerit
867 973 921 1019 ure
942 953 1026 1017 mori
1037 948 1138 1031 lamo,
1190 948 1325 1031 Christi,
1348 964 1382 1016 et
1403 952 1478 1016 ideo
1501 950 1741 1016 dissuadebant
1763 885 1899 1017 balium.
1943 949 2044 1017 Addo
2067 952 2171 1036 igitur
2236 998 2239 1003 -

159 1055 268 1110 tamen
291 1063 358 1107 non
380 1042 488 1106 debeo
511 1050 689 1125 propterea
710 1038 857 1106 delicere
884 1040 928 1105 ab
950 1059 1004 1104 eo.
1047 1039 1137 1104 Ana·
1188 1038 1254 1103 iam
1275 1038 1457 1103 secundam
1478 1034 1689 1104 solutionem.

159 1129 324 1216 baptistae
347 1128 681 1214 argumentahantur:
1162 1174 1165 1192 .
1277 1121 1489 1209 Respondeo.
1523 1122 1578 1188 Ad
1600 1121 1773 1189 hluloram.
1806 1120 1901 1188 Pium
1923 1132 1974 1188 est
1992 1123 2172 1206 defendere

247 1249 392 1314 &omia
414 1254 464 1312 m
485 1247 616 1313 tamtan
636 1264 764 1311 ,mm
1162 1210 1166 1293 ξ
1189 1211 1352 1293 ternplum,
1375 1207 1505 1276 scilicet
1527 1230 1633 1295 usque
1651 1209 1696 1274 ad
1712 1211 2085 1293 tcnrpusconstltutumr
2108 1209 2171 1277 sed

245 1334 334 1420 [φο
356 1333 860 1412 Λῑοῑωωωωάωωαωω,
879 1332 1064 1417 parm
1081 1325 1140 1413 fa,
1162 1340 1166 1387 ,3
1189 1294 1256 1360 hoc
1278 1308 1427 1382 tempore
1448 1306 1521 1401 erat
1544 1295 1620 1400 linis
1645 1292 1797 1381 politiam
1827 1297 1906 1445 poia
1928 1293 2083 1363 Christus
2104 1296 2171 1401 ianr

288 1423 437 1486 cupam,
1162 1383 1318 1478 luderet,
1351 1384 1566 1468 praedicabat
1598 1402 1632 1447 ru
1664 1379 1800 1467 templo,
1844 1393 1922 1446 uxta
1956 1380 2170 1470 Prophetiam

465 1528 470 1533 .
1162 1482 1166 1551 t
1189 1467 1351 1555 [laggaei
1372 1470 1429 1554 qui
1447 1469 1527 1533 dicit
1549 1467 1690 1555 gloriam
1713 1468 1853 1532 secundi
1875 1464 1988 1553 templi
2007 1465 2081 1533 fore
2104 1489 2169 1533 mo·

246 1559 395 1635 Quaero,
417 1578 461 1623 an
479 1552 701 1621 rectel'ecerit
718 1552 945 1620 Maccabaeus
966 1575 1060 1620 arma
1083 1576 1139 1621 ea·
1162 1556 1166 1633 i
1188 1554 1292 1620 iorem
1314 1552 1422 1640 gloria
1444 1554 1539 1637 primi
1561 1568 1625 1618 tem
1650 1554 1685 1619 li.
1728 1552 1805 1619 Dus
1820 1552 1878 1618 hut
1900 1555 1947 1618 sie
1968 1553 2052 1620 euch
2072 1555 2170 1620 atoltz

159 1645 256 1730 piens
289 1645 453 1711 adversus
487 1639 714 1707 Antiochum?
757 1638 864 1706 Recte
891 1638 981 1707 iecit.
1027 1639 1139 1715 Quare
1161 1648 1166 1729 l
1187 1640 1256 1706 aaa
1277 1643 1396 1727 trotziy
1414 1640 1573 1727 pernoctet.
1646 1661 1710 1726 rgo
1731 1640 1915 1706 secundum
1937 1637 2094 1724 templum
2113 1640 2169 1705 de·

159 1731 260 1841 igitur
276 1728 423 1835 ‚ludaeis
455 1747 523 1793 non
554 1725 648 1793 licuit
681 1746 817 1833 movere
840 1725 966 1793 bellum
988 1738 1138 1815 tempore
1162 1746 1166 1783 ι
1188 1723 1355 1806 landetur,
1375 1747 1442 1793 non
1465 1727 1667 1808 destruetur,
1689 1746 1771 1831 crgo
1801 1727 2007 1832 movebimus
2034 1727 2169 1833 seditio·

160 1816 297 1895 hhnstr,
314 1816 479 1881 adversus
501 1812 695 1880 Romanos?
738 1818 794 1880 διο
820 1826 1050 1900 argumentor:
1161 1832 1261 1927 lues,
1286 1824 1319 1878 et
1341 1810 1621 1880 turnultuuhlmur.
1655 1812 1815 1879 Homines
1839 1825 1972 1898 mquretr
1994 1832 2104 1878 omma
2125 1813 2170 1879 ad

244 1935 367 2001 mmm
389 1943 421 2001 et
440 1935 658 2000 mmmm
680 1934 804 2013 benum,
826 1943 876 1999 m
895 1930 1043 2016 &sm
1065 1942 1138 1999 tem,
1161 1942 1166 1987 ¹
1189 1919 1271 2003 suas
1293 1892 1547 1987 imaginationes
1577 1899 1914 2004 detorquent,”sicut
1946 1899 2048 2003 etiam
2078 1919 2168 1965 nuno

286 2023 353 2108 PH:
384 2023 470 2086 sim
496 2019 694 2101 Hm
707 2027 929 2105 mmm
948 2023 1032 2086 m
1048 2018 1137 2103 tm,
1190 1987 1236 2052 ht.
1281 1984 1351 2051 Sed
1383 2006 1451 2051 non
1483 1987 1526 2051 de
1546 1982 1656 2070 glorta
1676 1983 1820 2052 aedrficn
1841 1980 1954 2089 templi
1985 1985 2064 2049 drcrt
2085 1984 2167 2091 Pro·

287 2115 367 2173 mm
386 2110 457 2174 m
478 2106 697 2172 dubl-tam:
1188 2069 1302 2158 pheta,
1331 2072 1393 2136 sed
1421 2073 1464 2137 de
1497 2071 1644 2137 adventu
1673 2085 1707 2136 et
1735 2071 1982 2156 praeducatrone
2009 2070 2166 2145 Mesene,

243 2193 311 2260 Sed
333 2194 476 2261 Romam·
494 2194 614 2276 templo
640 2191 826 2258 mmm
853 2192 994 2259 demam
1009 2195 1137 2278 Μο-
1190 2159 1287 2246 quasi
1301 2159 1423 2262 dicat:
1451 2155 1843 2263 Messiasconspicietur
1864 2157 2066 2260 insecundo
2088 2169 2169 2223 tem·

285 2300 371 2345 mm.
1189 2241 1259 2330 plo,
1281 2256 1368 2309 srcut
1389 2245 1710 2328 rn-eopraedrcavtt,
1731 2243 1874 2320 sanavit,
1897 2242 1998 2308 etlulrt
2020 2243 2169 2309 testimo·

244 2352 336 2451 Em
361 2330 485 2431 'ium
517 2372 549 2428 et
581 2364 802 2429 mmmm
829 2363 944 2428 mm
960 2358 1082 2446 mm
1102 2367 1138 2430 ’.π
1189 2331 1245 2394 nia
1273 2331 1465 2409 doctrinae,
1493 2331 1639 2396 ostendit
1664 2350 1759 2395 suam
1789 2326 1930 2416 gloriam
1952 2329 1984 2393 in
2008 2325 2066 2396 illo
2088 2342 2167 2397 tetur

288 2459 352 2517 ΜΟ
373 2471 454 2516 ⁰⁰³³
469 2457 588 2515 ΜΒ
609 2449 787 2514 flmm'
971 2520 974 2525 ·
1190 2415 1258 2501 plo·
1275 2500 1345 2566 Sed
1378 2499 1455 2567 alibi
1486 2502 1691 2588 praedictum
1724 2511 1778 2566 est
1800 2501 1897 2565 etiarn
1919 2500 2168 2567 devastatione

243 2574 465 2655 {deodicuntr
488 2584 869 2653 Dabimusuecensum'l
890 2588 986 2672 quasi
1008 2589 1139 2655 dicante
1189 2588 1335 2653 eiusdem
1354 2585 1480 2674 templi,
1502 2599 1539 2654 ut
1562 2585 1681 2654 Daniel
1703 2587 1822 2673 inquit:
1844 2589 2011 2654 Delabitur
2027 2592 2168 2672 populat

156 2694 349 2762 peccamus,
371 2694 440 2741 uon
460 2672 670 2741 retrahentes
692 2672 738 2738 ad
760 2692 835 2745 uos.
862 2692 932 2739 uon
955 2672 1136 2741 deienden·
1188 2682 1221 2740 et
1240 2679 1402 2758 teuplm
1435 2678 1505 2741 Ber
1525 2676 1630 2740 tadeo
1650 2676 1705 2740 dte
1721 2671 1915 2756 unpmehen,
1936 2672 2169 2739 dissuaserunt

157 2775 210 2829 tes
233 2759 403 2848 templum.
1189 2758 1330 2838 bellum3
1391 2762 1445 2826 uia
1475 2761 1649 2827 sciverunt
1681 2757 1850 2825 Christum
1889 2758 2168 2844 praedicaturum,

243 2846 459 2933 Respondeo.
493 2843 614 2913 Dicam
635 2841 913 2929 simplicissimam
935 2843 1137 2913 solutionem
1189 2868 1265 2913 curn
1288 2867 1355 2932 pop
1392 2865 1430 2911 us
1459 2857 1552 2913 esset
1573 2847 1605 2911 in
1629 2847 1807 2924 servitute,
1828 2854 1987 2911 ettamen
2010 2846 2168 2912 videbant

157 2935 203 3003 ad
224 2933 398 3001 Maiorem.
463 2932 590 2999 lustum
623 2940 657 2995 et
681 2930 918 3003 ¹necessarium
941 2928 1063 2999 bellum
1083 2944 1150 3005 est·
1188 2952 1266 2998 esse
1298 2933 1479 3021 mitigatam
1511 2933 1721 3011 servitutem,
1759 2942 1794 2998 ut
1833 2928 1988 3016 templum
2027 2929 2170 2999 haberet

156 3041 219 3109 pro
242 3019 437 3087 defensioue
458 3013 581 3104 templi,
604 3013 750 3095 scilicet,
776 3017 932 3101 quaeat
952 3018 1138 3085 doctrinam
1188 3017 1379 3100 αὐτονομίαν.
1402 3016 1498 3084 Ῥιιὶι
1519 3020 1631 3105 magni
1653 3017 1811 3085 momenti
1833 3018 2000 3167 quaestio,
2021 3029 2055 3083 et
2077 3016 2169 3087 haud

157 3116 190 3173 et
211 3109 317 3173 cultus
337 3108 470 3173 attinet:
491 3105 580 3170 sicut
602 3104 723 3169 lustum
738 3113 818 3178 „erat
840 3099 963 3169 bellurn
985 3117 1137 3190 tempore
1189 3106 1287 3170 dubie
1321 3105 1471 3171 homines
1504 3105 1641 3191 inquieti
1681 3102 1785 3192 longe
1822 3126 1843 3169 a
1858 3105 1920 3169 lter
1962 3105 2190 3175 sentiebautt.

156 3192 452 3272 Maccahaeorum,
486 3192 542 3277 qui
569 3210 638 3256 non
660 3187 803 3274 amplius
824 3189 994 3256 habehant
1015 3190 1137 3257 cirom-
1186 3196 1267 3259 Iuro
1298 3196 1411 3273 tempu
1439 3201 1517 3261 ruat
1536 3193 1763 3275 defendendo:
1783 3193 1913 3257 werden
1938 3209 1976 3258 ea
1992 3210 2091 3274 prore
2108 3212 2166 3275 ae·

154 3288 231 3360 pter
249 3276 441 3363 intemplo,
457 3279 492 3343 in
514 3297 580 3362 quo
602 3274 789 3341 Antiochus
819 3273 1048 3347 collocaverat
1069 3289 1138 3345 sta·
1188 3281 1295 3344 arache
1313 3280 1428 3345 heheu.
1472 3277 1642 3344 Dimicare
1664 3298 1726 3362 pro
1744 3274 1877 3360 templo,
1900 3289 1952 3342 est
1973 3277 2166 3357 honestum,

158 3376 248 3431 tuam
270 3363 359 3429 lovis
382 3361 544 3448 Olympiis
566 3358 780 3425 interiecerat
806 3362 1024 3442 Sacerdotes,
1046 3382 1137 3429 rotu-
1187 3364 1335 3450 (lignum,
1357 3376 1390 3428 et
1412 3365 1616 3431 conveniens
1638 3364 1719 3431 viris
1740 3360 1883 3429 fortibus
1894 3373 1928 3428 et
1939 3364 2167 3449 magnanimis.

159 3451 319 3516 husserat
339 3445 446 3514 libros
466 3444 500 3512 le
524 3448 565 3519 is,
586 3442 769 3511 sustulerat
791 3443 925 3514 cultum.
955 3446 1136 3534 Alia-ergo
1188 3450 1258 3515 Sed
1278 3450 1335 3515 uhi
1357 3461 1435 3514 sunt
1458 3452 1512 3515 isti
1533 3447 1637 3515 fortes
1661 3449 1747 3515 virli

160 3548 234 3601 erat
252 3554 377 3602 caussa
393 3529 779 3610 hellihaccahaeoruru,
807 3553 904 3618 qurum
927 3535 972 3599 de
993 3555 1062 3620 qua
1082 3535 1137 3601 hio
1275 3534 1401 3599 Omnes
1446 3533 1641 3622 plerumque
1684 3533 1814 3601 fortiter
1857 3530 2065 3614 clamamus,
2104 3537 2167 3603 sed

159 3622 356 3706 dIsputatur·
400 3618 540 3685 Romam
566 3614 769 3704 reliquerant
795 3616 919 3703 templo
945 3618 1137 3702 αὐτονομίαν,
1187 3618 1269 3686 nthtt
1290 3621 1430 3707 aginnus·
1495 3621 1586 3687 ldem
1618 3633 1682 3700 est,
1714 3622 1805 3706 quod
1839 3616 2040 3689 Plutarchus
2070 3622 2165 3689 dicite
2249 3666 2252 3671 ·

159 3719 288 3775 tantum
310 3706 484 3793 pecuniam
502 3706 546 3770 ad
563 3723 603 3771 se
623 3700 874 3770 transtulerant.
1191 3709 1324 3786 Ortaado
1339 3714 1469 3791 posteri
1483 3709 1618 3775 mamm
1639 3712 1690 3775 oet
1712 3709 1930 3792 tanacetum
1953 3713 2017 3773 tom
2045 3711 2166 3777 Rebus·

246 3792 374 3859 lustum
407 3789 468 3857 fuit
500 3789 623 3857 bellum
651 3792 685 3856 in
708 3785 767 3855 illo
788 3787 913 3877 populo
935 3812 998 3877 pro
1020 3788 1136 3859 delen·
1184 3796 1322 3878 pudttete
1342 3799 1484 3876 ananau
1500 3800 1651 3878 exemplo
1671 3795 1846 3867 maimumr
1877 3796 2015 3878 perinde
2036 3804 2098 3879 ert,
2126 3816 2167 3864 aa

159 3881 256 3947 sione
278 3880 450 3945 doctrinae
471 3889 503 3942 et
526 3875 689 3954 cultuum
710 3877 772 3941 sed
794 3898 862 3942 uon
884 3898 945 3960 pro
968 3874 1134 3944 tetenste-
1186 3887 1219 3946 et
1246 3887 1345 3962 pueri
1376 3884 1515 3947 Mutat
1545 3884 1693 3949 thoraces
1724 3888 1757 3948 et
1785 3900 1882 3947 ortuo
1908 3887 2094 3964 parentum,
2117 3886 2168 3951 ael

159 3987 204 4032 ne
235 3961 431 4031 facultatum
464 3978 498 4030 et
530 3966 743 4049 pensionum:
775 3963 844 4028 md
872 3983 961 4029 uena
981 3984 1016 4031 ea
1037 3964 1137 4031 achon
1186 3970 1518 4050 amanuensem
1544 3970 1714 4034 hominum
1775 3967 1833 4034 Slc
1860 3965 1973 4031 ludaei
1993 3967 2164 4035 dicebantr
2300 4017 2304 4025 .

159 4072 243 4118 acere
272 4053 395 4118 iustum
422 4071 581 4137 peacesen,
614 4063 815 4117 tamennon
842 4046 1136 4118 fuissetnecessa·
1187 4050 1570 4120 irascamur-fecerant:
1603 4054 1649 4118 Er
1674 4075 1694 4119 o
1724 4064 1757 4119 et
1779 4074 1843 4118 nos
1864 4049 2038 4118 faciemus.
2104 4053 2166 4121 Est

159 4140 254 4204 riunr·
299 4136 334 4204 Si
358 4138 468 4204 incido
489 4137 523 4203 in
544 4135 727 4209 latronem,
754 4146 788 4200 et
808 4156 875 4223 ego
896 4157 1035 4224 possum
1060 4159 1135 4205 eum
1187 4149 1314 4203 tantum
1335 4143 1516 4220 amotqlta:
1551 4141 1629 4226 quie
1658 4142 1854 4207 tacouhaei
1875 4140 2077 4224 incipiebant
2097 4137 2166 4206 bel.

160 4226 329 4303 occidere,
349 4224 437 4289 iusta
459 4236 512 4288 est
533 4220 693 4289 defensio.
727 4222 765 4287 Si
787 4242 856 4287 non
877 4243 1137 4309 pessumarum
1187 4223 1267 4305 lum,
1288 4225 1457 4305 incitante,
1477 4237 1510 4292 et
1532 4227 1678 4306 iuvante,
1700 4239 1733 4292 et
1745 4230 1953 4315 gubernante
1964 4225 2038 4290 Deo
2052 4247 2167 4295 eornm

159 4310 230 4375 icles
251 4312 375 4395 hyalon,
395 4322 429 4375 et
446 4331 514 4376 non
535 4329 653 4395 pecco,
677 4307 811 4395 quando
833 4311 951 4392 patior.
986 4312 1134 4389 Quaero,
1188 4312 1335 4390 dextras,
1355 4323 1390 4376 ut
1412 4313 1630 4390 teutusdicitr
1654 4315 1784 4383 amato
1803 4318 1940 4398 porculo
1960 4315 2166 4381 maeatae·

159 4416 203 4460 an
225 4393 381 4463 Christus
402 4396 533 4483 integre
555 4395 764 4478 responderit
785 4394 853 4458 cis:
876 4407 986 4463 tamen
1009 4409 1135 4463 tantum
1186 4407 1252 4464 her.
1317 4399 1364 4464 So
1394 4408 1510 4480 enpten
1541 4405 1591 4465 ete
1613 4397 1769 4467 Athenis:
1798 4397 1960 4478 Pericles,
1980 4396 2167 4467 Themisto·

160 4482 319 4586 maiprem
340 4483 449 4568 ponit:
475 4483 563 4549 Date
584 4485 663 4554 Bao.
684 4500 769 4565 praue
789 4479 858 4546 Dei
875 4492 967 4562 mett,
1000 4491 1033 4549 et
1054 4482 1136 4549 Coe·
1187 4482 1259 4548 cles
1281 4497 1460 4550 servarunt
1480 4481 1746 4571 Rempuhlicam:
1779 4485 1873 4592 lingo
1901 4496 1936 4551 et
1957 4506 2022 4590 epo
2046 4484 2168 4553 Domo-
2192 4543 2195 4547 .

158 4568 666 4740 mllqeus‘peoffetucahelsih'oidem
683 4652 785 4738 ponit,
806 4656 940 4737 quando
961 4655 1083 4739 accipit
1103 4656 1137 4721 ln
1187 4567 1326 4722 {illigamus
1347 4571 2015 4746 sagghgioelrlgcoggpgpliptrolpgsssffir'ta
2024 4569 2167 4724 {guffi-

160 4761 279 4805 manus
311 4744 489 4821 numisma3
529 4741 624 4828 quasi
657 4739 761 4803 dicat:
801 4743 919 4806 videtis
961 4762 1023 4806 vos
1058 4761 1136 4809 esse
1188 4740 1284 4808 sensa
1305 4763 1327 4807 a
1349 4743 1455 4809 Mario
1479 4756 1594 4810 contra
1616 4743 1759 4833 Syllam:
1781 4744 1874 4833 Ergo
1898 4764 1988 4812 nunc
2010 4738 2167 4811 delendo·

159 4827 333 4892 subiectos
354 4828 514 4905 seruituti,
537 4829 626 4893 hanc
647 4824 799 4893 tolerate.
830 4827 905 4893 Non
928 4828 1063 4895 dubium
1085 4839 1137 4893 est
1187 4848 1262 4894 mus
1285 4840 1403 4895 contra
1421 4832 1612 4897 Antonium·
1677 4833 1736 4899 Sic
1758 4832 1823 4913 sit,
1847 4832 1981 4937 quando
2003 4831 2168 4897 intuemur

160 4911 376 4992 Zachariam,
406 4912 593 4979 Simeonem
616 4923 651 4979 et
671 4914 746 4998 pios
768 4910 856 4981 alios
877 4911 983 4979 fuisse
1005 4914 1136 4980 dissue·
1188 4912 1342 4999 exempla
1365 4928 1531 4996 veterum,
1567 4938 1633 4984 non
1662 4920 1886 4985 considerans
1909 4918 2167 4983 circumstantiis

160 5019 257 5069 sores
277 4996 366 5078 belli,
400 5012 434 5064 et
457 5000 598 5065 dixisse:
632 5019 707 5065 curn
728 4999 884 5066 habeatis
904 4998 1081 5083 adtemptat
1102 5001 1137 5067 in
1187 5012 1222 5066 et
1244 5001 1391 5081 caussis,
1412 5004 1706 5089 quidconveniat,
1729 5005 1865 5091 etquid
1888 5023 1955 5069 non
1979 5004 2165 5069 conveniat.
2196 5040 2199 5045 ·

159 5082 297 5172 templo,
319 5082 448 5172 reliqua
469 5082 621 5167 tolerate,
638 5084 1006 5160 videlicetservltutem
1025 5106 1137 5173 quant·
1186 5086 1433 5154 Themistocles
1465 5090 1620 5157 divinitus
1651 5089 1712 5158 luit
1744 5092 1919 5169 excitatus,
1952 5102 1989 5155 ut
2015 5100 2167 5156 servaret

159 5194 259 5257 quum
274 5174 457 5251 domania
479 5171 721 5260 moralibus.
788 5170 1061 5255 Deliberatioue,
1094 5175 1138 5242 de
1187 5171 1355 5250 Athenas,
1388 5188 1420 5243 et
1449 5189 1544 5244 eraut
1577 5197 1619 5244 eo
1640 5190 1794 5265 tempore
1816 5178 2038 5253 occasionesa
2070 5186 2168 5243 erant

1900 5290 1949 5346 su*
