4620 5588
168 171 322 290 aar*
837 173 1576 247 rmumsascunraaxscanca
1679 188 1683 193 ·
2025 116 2029 121 ’
2133 176 2206 247 aaa

170 368 237 436 nisi
259 365 417 434 divinitus
449 376 658 434 sustentatus
687 375 789 434 esset·
833 365 916 433 ltcm
948 369 1055 436 maior
1075 380 1156 436 natu
1542 392 1554 399 ·
1615 365 1779 434 (ibieotio.

171 455 303 551 attingit
337 472 477 520 uxorem
507 453 623 539 patris.
667 457 747 521 Item
767 473 829 540 per
850 450 1001 522 fraudem
1023 452 1157 522 interic-
1341 487 1486 555 cm„
1515 488 1613 551 did„
1640 487 1714 550 Nm,
1741 489 1812 549 m
1837 484 1959 555 „pm
1986 487 2084 552 pm
2137 489 2204 556 „a

173 554 294 610 cerunt
314 541 444 607 vicinos
466 540 571 608 cives.
614 538 710 607 'l'alia
731 537 864 609 scelera
892 541 1017 609 fiebant
1034 544 1069 609 in
1090 543 1156 609 ista
1383 579 1397 635 p
1448 575 1519 638 pm
2013 510 2037 571 ⁹
2090 535 2102 571 ’

172 639 294 695 sancta
314 625 449 720 familia,
470 637 504 693 et
525 638 636 694 tamen
657 629 692 693 in
714 625 773 694 illa
795 640 915 696 sancta
938 627 1062 696 familia
1084 641 1157 697 erat
1339 597 1492 725 Nom„
1513 661 1658 728 popm,
1681 663 1966 725 dmdpom.

172 712 329 782 Ecclesia
351 711 434 805 θείς
467 715 515 779 ita
545 734 636 781 nunc
668 736 800 803 quoque
822 727 938 783 servat
957 714 1155 784 Ecclesiam
1338 747 1505 832 &9013ae
1526 757 1573 812 „3
1590 747 1722 814 mma·
1955 708 1964 726 '

172 801 344 869 Habemus
371 799 614 886 promissiones
645 800 860 888 corporales,
891 805 979 871 sicut
1001 801 1157 870 Christus

174 889 269 956 dicite
301 887 404 951 Pater
435 907 519 950 meua
552 892 625 962 scit,
654 890 764 971 quiem
791 890 883 952 redut
905 911 985 973 opus
1005 890 1158 954 habeatis.
1298 886 1512 975 Respondeo.
1556 887 1606 954 lta
1635 884 1739 953 solvit
1767 884 1922 953 Christus
1954 883 1967 952 l
2071 932 2082 967 ,
2140 889 2203 957 ula

174 974 271 1042 item:
293 973 405 1040 Nolite
431 974 569 1037 sollicite
592 995 658 1037 essa
687 988 752 1043 etc.
798 975 953 1045 Christus
981 977 1074 1044 iubet
1101 998 1160 1040 nor
1210 972 1368 1062 implevit.
1397 974 1514 1062 implet
1526 986 1637 1042 autem
1648 971 1759 1062 legem
1772 984 1916 1061 quatuor
1925 994 1982 1040 mo
2041 910 2204 1049 :Lasia

171 1068 282 1146 petere
304 1082 421 1144 punem
441 1062 668 1145 quotidimucn.
721 1062 818 1130 item:
848 1063 998 1135 Quaerite
1025 1067 1160 1147 primaru
1211 1063 1286 1147 ipse
1308 1060 1456 1148 perlecta
1477 1071 1626 1148 praestat
1648 1061 1882 1139 obedientiam,
1903 1060 1946 1126 de
1968 1081 2036 1147 qua
2051 1056 2108 1127 lex
2119 1083 2203 1129 con·

172 1168 303 1232 rapham
324 1149 401 1220 Dei,
424 1156 455 1209 ct
471 1148 550 1211 boec
572 1153 676 1212 comio
698 1149 890 1214 adiicientes·
910 1152 1007 1213 codis.
1213 1151 1376 1229 cionatur‚
1399 1149 1477 1234 quia
1498 1145 1576 1214 talis
1598 1159 1662 1228 est,
1683 1149 1757 1234 ipse
1779 1158 1832 1213 est
1848 1144 1937 1212 filius
1958 1158 1993 1213 et
2013 1148 2127 1236 imago
2141 1168 2202 1234 pa·

261 1235 326 1303 llic
347 1236 490 1302 moditor
511 1238 611 1303 etiam
634 1236 787 1303 doctrina
809 1239 851 1304 dc
868 1235 1160 1326 legequodfilius
1213 1237 1285 1315 tris,
1312 1236 1345 1302 in
1368 1257 1435 1324 qua
1462 1233 1553 1301 iacet
1580 1234 1745 1321 sapientia
1773 1247 1807 1299 et
1829 1234 1955 1300 iustitia
1983 1234 2100 1318 patris,
2123 1256 2204 1322 per·

87 1366 95 1386 t
173 1320 243 1391 Dei
264 1322 310 1389 sit
331 1323 503 1389 subiectus
525 1321 607 1412 legi,
628 1323 706 1390 inde
727 1325 834 1391 oritur
855 1327 1007 1412 quaestio
1031 1325 1132 1392 haec:
1212 1320 1303 1388 lecte
1324 1321 1430 1411 diligit
1451 1334 1591 1408 patrem,
1612 1332 1761 1407 praestat
1778 1317 1964 1407 perfectam
1974 1321 2203 1390 obedientiam

1213 1429 1317 1495 supra
1338 1429 1455 1476 omnes
1481 1419 1673 1486 creaturas,
1698 1418 1821 1513 postea
1848 1408 1991 1474 donatur
2012 1409 2112 1475 nobis
2134 1429 2203 1477 sua

174 1535 312 1640 unare
343 1537 589 1650 praeciditur
760 1535 942 1626 casu
980 1568 1033 1623 an
1073 1540 1160 1652 ipse
1211 1497 1335 1656 iii
1354 1497 1666 1649 titinius
1674 1491 2201 1671 trististristis

326 1658 451 1742 etlam
482 1670 546 1742 esi
574 1671 694 1744 nitius
724 1660 767 1743 ln
796 1660 1001 1774 peccabis?
1213 1671 1303 1736 neris
1325 1667 1470 1749 humani,
1491 1680 1525 1735 et
1546 1666 1604 1734 illa
1626 1666 1811 1734 satisfactio
1833 1667 1978 1734 donatur
2000 1679 2034 1734 et
2055 1669 2201 1755 imputa·

1212 1767 1266 1822 tur
1287 1758 1399 1836 nobis,
1420 1758 1497 1843 quia
1524 1755 1598 1841 ipsc
1620 1766 1673 1821 est
1694 1756 1856 1820 innocens
1875 1764 1908 1819 et
1927 1754 2048 1835 iustus,
2075 1766 2202 1822 atsna-

261 1840 479 1929 licspondeo.
526 1842 554 1907 1.
579 1842 665 1917 Quia
687 1856 741 1910 est
758 1844 992 1922 testimonium,
1038 1845 1161 1910 uodsit
1212 1844 1296 1909 tinet
1328 1863 1482 1928 poenam,
1505 1861 1592 1928 quae
1614 1843 1799 1909 debebatur
1824 1840 1969 1907 iustitiae
1989 1862 2052 1927 pro
2081 1842 2201 1924 nobis,

36 1982 40 1989 .
172 1939 276 1995 natus
298 1950 341 1994 ex
361 1931 559 2018 posteritate
580 1927 748 1997 Abrahae.
783 1931 814 1995 2.
837 1929 923 2006 Quia
944 1928 1050 1998 volort
1067 1952 1160 2018 prae·
1212 1942 1246 1996 et
1267 1929 1345 2015 quia
1367 1931 1441 2014 ipse
1461 1932 1504 1994 im
1529 1927 1589 2009 let,
1612 1931 1736 1995 donata
1757 1940 1809 1994 est
1831 1928 1929 1994 nobis
1953 1928 2024 1994 eins
2045 1925 2201 2015 impletio

173 2014 241 2081 cidi
261 2027 404 2101 propter
424 2024 529 2082 totum
553 2037 661 2103 genus
682 2014 873 2099 humanum,
894 2028 928 2083 et
951 2018 1104 2085 derivare
1124 2020 1159 2084 in
1212 2027 1245 2082 ct
1266 2016 1466 2082 obedientia.
1505 1950 1564 2080 lli.
1587 2012 1809 2081 Restituenda
1830 2014 1863 2078 in
1892 2016 2009 2095 nobis,
2035 2017 2129 2100 quod
2157 2015 2202 2083 fir

174 2119 214 2167 se
236 2113 378 2188 peccata
407 2104 509 2169 totius
537 2104 671 2190 generis
700 2102 844 2170 humani.
888 2103 921 2171 3.
944 2103 1032 2178 Quia
1054 2102 1160 2172 voluit
1210 2105 1245 2170 in
1273 2099 1338 2167 hac
1365 2103 1434 2168 vita
1459 2101 1672 2168 inchoatione
1699 2102 1732 2165 in
1761 2100 1877 2178 nobis,
1906 2112 1938 2166 et
1965 2112 2085 2186 postea
2116 2123 2201 2169 con·

173 2206 256 2254 esse
287 2192 472 2259 membrum
504 2187 602 2257 huius
635 2188 823 2269 Ecclesiae,
855 2192 945 2257 sicut
963 2190 1058 2257 dicits
1083 2191 1158 2254 Sacc
1211 2189 1438 2256 summationc.
1463 2187 1604 2261 Quando
1626 2188 1792 2265 restituit?
1808 2185 2024 2273 Respondeo.
2047 2187 2200 2263 Quando

169 2277 285 2338 misac
307 2274 352 2336 cd
374 2296 446 2338 ores
467 2285 533 2342 etc.
555 2274 746 2363 Principale
769 2274 916 2344 cilicium
938 2275 1158 2359 Christicrat,
1210 2275 1277 2344 fide
1310 2274 1576 2354 sanctificamur,
1612 2275 1748 2362 quando
1779 2274 1966 2360 accipimus,
1990 2273 2201 2345 consolatio·

169 2370 209 2429 ut
232 2362 372 2427 doceret
393 2362 427 2427 in
448 2360 574 2449 ternplo
595 2361 849 2452 Hierosolymis,
882 2374 917 2430 ct
948 2365 983 2429 in
1015 2362 1075 2433 illo
1097 2386 1156 2452 pc·
1209 2384 1298 2443 nem,
1331 2364 1475 2429 donatur
1503 2360 1648 2446 Spiritus
1676 2371 1835 2441 sanctus,
1863 2362 2040 2446 incipimus
2065 2358 2200 2450 aliquo·

169 2445 265 2535 pulc,
289 2457 324 2513 et
345 2445 452 2514 voluit
474 2469 552 2516 esse
573 2450 754 2517 membrum
766 2447 856 2518 illius
866 2447 1021 2517 Ecclesia
1071 2453 1158 2519 sicut
1209 2450 1310 2517 modo
1333 2449 1548 2537 acquiescere
1568 2447 1603 2513 in
1623 2444 1712 2514 θεο.
1757 2446 1826 2513 llll.
1848 2446 2040 2515 Sanciendo
2057 2460 2093 2516 ct
2115 2469 2201 2518 con·

170 2543 207 2601 et
228 2544 351 2620 postea
372 2532 479 2602 voluit
500 2555 580 2603 esse
600 2538 785 2604 membrum
811 2549 949 2604 nostrae
969 2471 1156 2619 sollerias,
1208 2534 1372 2603 firmando
1407 2536 1611 2614 doctrinam,
1645 2535 1724 2622 quia
1745 2534 1826 2602 dicit
1847 2530 1906 2601 illa
1928 2555 2034 2622 opera
2054 2531 2201 2622 placere

169 2621 304 2706 quando
326 2623 515 2708 baptizatus
538 2635 607 2703 est,
630 2634 665 2691 et
686 2634 738 2693 est
759 2645 825 2692 una
845 2636 879 2692 ει
900 2623 1017 2693 wem
1037 2623 1175 2694 Eccler
1207 2620 1297 2704 Deo,
1319 2619 1385 2691 alia
1405 2642 1474 2689 non
1496 2619 1642 2708 placere.
1686 2618 1783 2687 Deus
1804 2621 1850 2687 ita
1871 2621 1990 2708 recipit
2010 2619 2200 2711 ganushu·

123 2718 129 2729 “
169 2705 234 2787 sia,
257 2708 388 2775 etiami
405 2709 505 2798 signa
526 2708 691 2779 differunt.
1207 2731 1341 2778 manum
1369 2731 1413 2777 ea
1434 2709 1596 2775 immensa
1622 2707 1867 2788 misericordia,
1898 2718 1937 2774 ut
1964 2705 2069 2775 simul
2092 2710 2200 2777 ειίιω

584 2864 737 2934 obiectio
1207 2795 1353 2865 voluerit
1370 2795 1534 2949 ¹satipaipori
1555 2815 1640 2947 supa
1661 2794 1817 2948 iustiltiipe
1850 2814 1920 2860 non
1948 2795 2085 2947 remittat
2144 2816 2200 2950 sp·

304 2983 396 3052 12„
417 2995 465 3050 η,
485 2988 695 3053 mm„
1208 2896 1691 3051 titiinititit
1743 2900 2197 3049 ,titiiiihtta

186 3142 190 3151 Ι
309 3069 420 3136 rema
436 3073 552 3155 relt'pt‘o
575 3075 748 3138 cbrirtimto
770 3083 819 3143 εει
839 3083 978 3161 mdo,
1020 3077 1076 3144 ula
1097 3075 1154 3143 alli
1205 3054 1618 3162 ,11101118111111111118111
1647 3064 1712 3135 “is
1744 3066 1782 3121 111
1810 3051 1905 3161 11111111
1927 3065 2082 3160 1110111111
2112 3052 2198 3122 11118

342 3155 478 3225 fuerunt
499 3161 582 3226 ritus
605 3171 756 3247 tempora
776 3160 954 3243 Abrahae,
1017 3163 1037 3182 ’⁹
1064 3165 1154 3250 apud
1206 3160 1348 3248 09111118
1376 3139 1564 3229 1111118111
1589 3142 1718 3247 1108811,
1750 3141 1915 3247 1111818111
1939 3143 2106 3229 “Ptfflillt
2128 3155 2199 3210 ent

340 3243 550 3332 Apostolum
1206 3229 1368 3298 discenda
1389 3240 1509 3316 postea
1528 3229 1563 3294 in
1586 3247 1676 3295 ornm
1696 3238 1908 3297 aeternitate.

298 3327 389 3416 Erpa
406 3353 470 3396 coo
491 3340 539 3396 cst
559 3333 680 3401 divina.
1291 3316 1389 3385 Nunc
1411 3317 1453 3382 de
1475 3313 1711 3402 applicatione.

76 3579 81 3588 -
169 3484 1152 3725 ,aimitatrici-,histriatis
1414 3509 1635 3616 omma
1665 3511 1713 3594 n
1738 3509 1980 3624 applicatio?

202 3657 351 3728 cclesiae
365 3662 477 3728 unitas
498 3683 566 3729 non
585 3674 640 3730 est
659 3665 694 3730 in
714 3664 844 3739 ritibus,
861 3666 924 3732 scd
936 3666 1152 3732 estinverbo
1292 3662 1507 3749 Respondeo.
1528 3661 1622 3742 Fide,
1644 3679 1727 3727 vero
1747 3657 1868 3726 fidncia
1889 3656 1950 3725 filii
1970 3656 2036 3727 θει
2053 3659 2088 3727 in
2106 3681 2197 3732 vera

169 3743 249 3827 Dei,
272 3748 350 3834 qnia
371 3749 437 3815 ista
458 3748 576 3834 politia
598 3751 744 3818 debebat
766 3770 901 3818 manere
916 3770 1026 3839 usqua
1039 3753 1083 3818 ad
1095 3752 1154 3818 ad·
1206 3750 1439 3818 conversione.
1461 3745 1548 3816 'l'ota
1557 3744 1718 3835 impletio,
1739 3765 1826 3832 qnae
1836 3742 1929 3812 iacta
1939 3742 2195 3832 estperflliun,

167 3843 304 3901 vennam
327 3832 460 3902 Christi.
1205 3833 1264 3903 illa
1280 3835 1319 3903 fit
1339 3834 1407 3901 lide
1427 3836 1462 3901 in
1483 3836 1594 3902 nobis.
1638 3834 1808 3914 laetificati
1825 3832 1889 3911 fide
1907 3852 2019 3915 pacm
2032 3831 2194 3900 tom.

35 3944 38 3949 ·
504 3954 508 3961 ¹
532 3922 540 3939 ‘
1208 3922 1351 4008 Oportet
1372 3941 1436 3988 nos
1458 3924 1565 3988 verbo
1586 3917 1838 4007 apprehendere
1858 3917 1946 3987 hacc
1967 3919 2143 3997 beneficia,
2155 3935 2196 3989 et

1207 4020 1301 4078 certo
1322 4009 1412 4096 apud
1433 4027 1498 4075 nos
1521 4018 1681 4088 statuere,
1702 4006 1793 4094 quod
1815 4002 1905 4074 iilius
1916 4004 1982 4073 Del
2004 4003 2117 4074 iactus
2136 4020 2196 4077 ast

1205 4116 1268 4183 pro
1289 4096 1586 4180 nobispeccatum,
1606 4094 1717 4176 idest,
1735 4092 2197 4200 quiddamraumctdamua·

258 4166 434 4278 Quaem,
473 4202 527 4256 an
556 4171 694 4258 David
732 4172 898 4257 solverit
927 4172 1063 4285 legem
1174 4191 1286 4263 ,tum
1306 4193 1344 4249 ut
1364 4180 1522 4249 fieremus
1550 4181 1674 4247 iustitia
1691 4177 1768 4261 Der,
1800 4179 1835 4246 id
1856 4190 1926 4260 est,
1947 4191 1985 4246 ut
2004 4199 2070 4247 uos
2091 4200 2196 4268 repn-

508 4289 817 4383 vranseamt
1174 4264 2197 4442 imbutamentisiussu

323 3990 399 4107 lica¹
420 4045 492 4107 cerri
512 4043 632 4107 solorra
653 4045 763 4128 iopam,
783 4045 842 4108 red
863 4043 1000 4127 implere.

252 4438 469 4530 Respondeo.
514 4441 601 4510 Non·
645 4440 795 4510 Abolere
829 4443 916 4509 enim
943 4440 1055 4531 legem
1087 4456 1152 4523 est,

165 4546 211 4596 na
232 4547 301 4595 non
334 4530 380 4595 sit
410 4540 450 4595 ut
478 4527 676 4618 exemplum.
719 4529 795 4596 Fuit
820 4531 855 4596 in
877 4527 1001 4616 Sparta
1021 4525 1095 4607 lex,
1112 4527 1168 4595 at
1434 4560 1481 4628 ΙΝ
1512 4558 1765 4628 Epppflfflfls
1797 4557 1967 4628 nomm

165 4625 341 4683 uterentur
369 4634 503 4683 nummo
532 4612 660 4698 ferrem
693 4627 816 4703 postea
846 4611 904 4684 lex
931 4626 986 4682 est
1013 4612 1150 4682 abolita.

165 4701 246 4770 itam
267 4698 331 4769 icit
355 4698 412 4770 lex
432 4702 620 4789 pontificia,
648 4715 686 4770 ut
706 4702 903 4771 sacerdotes
931 4722 1000 4768 non
1027 4701 1151 4769 ducam
1420 4698 1698 4789 Evangelium
1719 4697 1925 4767 Matthaei
1945 4697 1980 4762 2.

165 4806 304 4941 ἵζ’
320 4786 789 4966 Dff‘ffisffi‘ssffl}
834 4787 1151 4943 'iinlilnifil
1373 4817 1478 4904 (⁰⁰⁰⁶
1507 4817 1587 4889 101
1611 4818 1734 4888 mv·
1762 4840 1796 4906 1
1824 4817 1891 4885 ⁹¹⁹
1916 4823 2008 4908 ’‘¹⁸¹''

165 4960 227 5029 hat
247 4957 367 5047 legam.
389 4964 523 5031 etiamsi
542 4961 670 5032 iecerat
691 4976 811 5031 contm
825 4960 947 5051 legem.
991 4960 1078 5029 llam
1093 4958 1152 5028 ier
1287 4958 1373 5027 Dies
1411 4957 1468 5026 hic
1503 4960 1693 5027 nominatur
1729 4955 1919 5041 Epiphanio
1958 4956 2194 5065 principalitar
2257 4906 2261 4912 Ι

166 5057 292 5128 manat,
318 5059 359 5114 <et
390 5069 453 5136 pro
559 5050 658 5119 iatam
688 5047 904 5120 violationem
929 5046 1017 5137 legia
1037 5044 1151 5116 David
1200 5057 1340 5202 ᾔομεν
1376 5047 1575 5132 baptismum
1601 5041 1744 5125 curuo,
1779 5057 1918 5132 propter
1943 5045 2193 5134 apparitionem

163 5129 372 5203 horribiliter
528 5177 538 5197 .
1250 5153 1292 5204 us
1314 5133 1506 5203 dumata
