4620 5588
168 204 234 273 aaa
806 205 919 274 run.
942 206 1042 272 nun
1068 203 1257 277 soarrrn
1279 203 1544 307 musanen
1689 174 1693 264 ζ
1776 153 1781 174 ’
1962 158 1971 169 ’
2100 203 2188 303 aar
2259 230 2263 235 <

168 415 284 461 oerore
306 395 448 480 sproclrt,
482 397 572 481 quod
595 415 698 481 saepe
720 393 832 462 lacera
864 397 1005 476 debetis,
1032 417 1070 462 eo
1096 416 1151 481 pa·
1174 402 1179 443 1
1201 395 1340 462 dietum:
1363 395 1404 460 In
1424 405 1488 481 quo
1509 397 1648 482 corripit
1670 395 1921 461 adolescentiam
1941 394 2053 460 eumn?
2079 397 2114 459 in
2135 413 2187 460 eu·

168 482 285 549 renen
304 485 337 546 in
360 495 530 566 postremo
553 502 669 548 versu:
696 481 786 548 ane
815 480 901 548 haee
928 495 981 549 est
1002 484 1150 568 preoatio
1200 482 1372 548 atodiendo
1393 483 1553 549 mandato
1575 491 1643 549 tao.
1687 481 1792 546 Totus
1815 479 1872 547 ille
1895 478 2062 560 Psalmus,
2087 482 2190 546 Beati

167 581 324 721 plisiiinm
346 567 518 646 Ecclesia,
550 580 583 634 et
613 571 843 636 commendate
863 566 938 635 Deo
962 581 1065 635 totam
1087 567 1151 634 Eo·
1173 667 1178 735 Ι
1200 564 2188 721 ’1111111ἶίἶὶεὲῧὲἰοὀίοῐίὂῑαπῑξῖιῗῗὲὲεὶὶἰξῗὸἒιαῗίῗῆιὲάῖθαιξίιώσῖι
2293 634 2301 647 ,

62 740 65 745 ’
168 675 188 721 ⁰
306 704 314 720 ⁰
593 724 594 731 ¹
1174 741 1318 819 'worm
1340 742 1404 806 dor
1432 700 1542 806 ilrr⁸in
1564 743 1667 806 aialon
1684 702 1972 817 minurientem,
2007 742 2071 807 dor
2097 740 2187 806 iotae

1200 828 1293 892 aare
1314 829 1381 893 aad
1402 848 1489 894 mass
1510 828 1576 894 tor.
1621 826 1684 893 list
1706 829 1839 913 quidam
1859 824 2073 895 diabolicum.
2105 825 2186 893 Dia·

417 980 478 1046 rx
499 980 607 1046 run
629 979 900 1048 RHAPSODIA.
1200 910 1773 1079 itltttttff‘t‘ri²“tt}“tta
1794 912 2187 1066 ittt‘t'tt‘tttt

261 1170 340 1237 Wos
362 1172 477 1236 laist:
499 1167 631 1238 Sufficit
653 1171 717 1236 diei
740 1169 864 1238 malitia
880 1172 966 1239 sual
987 1170 1042 1236 An
1056 1167 1151 1236 Chri·
1200 1087 1411 1250 iicslledermdi
1431 1085 2090 1258 rlriillmdinseinaeriihleirhsslerimrrrgiigr‘plgp
2115 1084 2193 1256 oplrif

166 1270 242 1325 etus
266 1260 431 1345 approbat
452 1255 628 1324 malitiam:
650 1255 841 1344 loquiturre
856 1258 897 1322 do
915 1255 1002 1323 malo
1020 1255 1151 1342 eulpae,
1196 1255 1273 1341 fort
1287 1256 1390 1342 selant,
1412 1261 1490 1325 vivii
1515 1263 1588 1325 sine
1610 1260 1694 1337 iure,
1716 1262 1788 1324 sine
1810 1256 1843 1323 le
1867 1261 1955 1338 ‘bus,
1976 1260 2049 1325 sine
2071 1255 2188 1339 frenis,

166 1341 223 1412 vel
244 1346 287 1410 de
308 1343 397 1409 malo
443 1343 572 1410 oenae‘l
592 1342 811 1431 Respondeo:
832 1342 978 1496 lozuitur
999 1345 1041 1409 do
1063 1339 1151 1408 malo
1201 1347 1275 1411 sine
1297 1346 1451 1414 vinculis.
1485 1350 1666 1414 Morantur
1688 1346 1837 1411 αἱὶεεωίἱ
1879 1346 1947 1410 aaa
1962 1344 2187 1432 mfleaqratn,

165 1451 305 1519 poenae.
349 1430 395 1496 Su
415 1433 480 1535 'eit
502 1432 565 1495 diei
595 1429 733 1496 afflietio
755 1450 827 1536 sua.
857 1442 933 1535 “st
960 1426 1096 1578 alima
1110 1441 1152 1534 ‘er
1202 1433 1260 1498 mit
1275 1430 1416 1514 fresnea,
1438 1433 1660 1539 aouffotaomtt
1675 1435 1737 1497 den
1758 1429 1961 1516 libidinibus,
1983 1433 2187 1538 rnitpoclrea,

167 1515 458 1670 οοωωὲἱιθξὲἶῖῗὲ,
479 1539 525 1670 ἓῑ
537 1515 917 1669 ουιιὲιίἰὲιῃιιῗήΐῖιιεοτιῗέἰ
944 1516 1153 1669 &afflig
1201 1519 1369 1672 {mgna
1391 1523 1459 1586 und
1479 1541 1549 1586 roos
1566 1539 1663 1585 anon
1684 1519 1813 1585 senten
1827 1518 1967 1584 Narrare
1988 1538 2023 1584 nr
2039 1520 2188 1586 darana

61 1786 71 1806 .
164 1605 281 1844 {griseo
301 1690 457 1841 woffslrgt
477 1603 599 1796 lnior
621 1688 814 1777 Evangelio.
847 1688 902 1840 ¹Et
923 1700 977 1794 est
994 1689 1148 1841 imposssi·
1335 1652 1344 1671 ’

166 1789 805 1950 ηἰῑὲἰιέῗὲωῧοῖἑᾞῗῖᾞᾳὶῗῖἓῗ
813 1795 1151 1950 trinitat:

166 1946 229 2014 Est
250 1951 413 2034 sapientia
434 1948 510 2015 Dei.
1264 1937 1381 2042 Quae
1412 1951 1476 2023 est
1505 1939 1634 2052 prima
1665 1951 1708 2020 et
1737 1940 1955 2051 praecipua
1984 1937 2126 2050 regula

1468 2092 1480 2097 ”
1621 2094 1758 2178 vitae?
1797 2124 1800 2127 ·

167 2283 279 2388 Quid
307 2283 413 2368 inter
443 2294 507 2366 est
543 2282 648 2365 inter
678 2282 886 2365 hominem
917 2281 1148 2388 barbarum,
1286 2284 1522 2380 Respondeas,
1537 2295 1632 2360 dixit:
1657 2292 1802 2358 Primam
1815 2295 2094 2374 quaratenpnam
2107 2290 2184 2366 Dat,

1200 2387 1232 2443 et
1249 2389 1374 2442 caetera
1403 2383 1594 2444 adiicientrrr
1614 2381 1712 2443 nobis·
1757 2378 1970 2446 subreniri).
1994 2375 2183 2464 Philippus:

446 2451 489 2521 91
518 2466 602 2520 11011
631 2435 876 2524 barbarum?
1026 2491 1028 2495 ·
1200 2465 1249 2531 lta
1271 2479 1362 2533 recte
1384 2469 1479 2534 diois.
1524 2468 1592 2534 Sed
1615 2487 1785 2532 sumemus
1811 2463 1895 2531 alias
1922 2486 2059 2553 quoque
2086 2485 2185 2552 regn·
2295 2503 2301 2506 0

600 2558 603 2565 '
1199 2549 1251 2618 las
1273 2554 1461 2638 explicatas
1483 2558 1611 2641 magis:
1645 2553 1755 2618 Prima
1784 2564 1818 2618 et
1846 2554 2026 2638 praecipua
2054 2562 2088 2616 et
2114 2554 2186 2618 uni·

250 2637 331 2706 Mali
361 2638 576 2705 Grammatioi
604 2649 684 2704 sunt
711 2637 919 2723 impatientes
941 2633 1149 2724 regularumz
1199 2637 1344 2704 versalia
1365 2639 1482 2727 regula
1504 2643 1592 2706 ritae
1614 2651 1683 2706 est:
1706 2639 1814 2701 Milite
1836 2639 1946 2700 bonam
1962 2639 2116 2709 nuilitr'om,
2138 2659 2185 2702 ra·

76 2736 79 2744 ·
164 2726 245 2793 ideo
271 2736 366 2792 reete
393 2725 492 2791 etiam
516 2726 670 2790 diorrntur
695 2726 848 2803 barbari,
877 2724 933 2810 qui
965 2744 1036 2789 non
1062 2725 1149 2789 berre
1200 2728 1302 2788 rinna
1318 2727 1412 2807 fidon
1433 2734 1465 2790 et
1486 2727 1595 2788 bonam
1617 2729 1848 2789 commertium.
1878 2725 1950 2788 Setr
1970 2725 2186 2789 denariata-

165 2812 393 2880 Grammatico
420 2809 611 2898 loquuntur.
661 2810 728 2877 Sed
763 2821 882 2894 postea
910 2811 953 2875 ad
981 2811 1083 2875 vitam
1115 2821 1149 2876 et
1201 2812 1309 2886 ardo,
1343 2824 1381 2879 ut
1403 2813 1554 2880 habeatis
1592 2833 1630 2878 re
1678 2811 1748 2892 las,
1775 2832 1860 2898 quas
1890 2814 2038 2898 quotidie
2065 2812 2187 2879 intueri

163 2917 277 2966 mores
299 2899 398 2965 etiam
419 2899 619 2965 transfertur
641 2897 825 2962 barbaries.
869 2895 959 2961 luter
982 2894 1148 2962 hominem
1199 2899 1348 2983 possitis.
1393 2899 1443 2961 Ee
1468 2903 1512 2960 ist
1537 2899 1600 2960 niel
1669 2921 1727 2961 ron
1755 2899 1900 2982 pelopen,
1929 2900 2008 2961 dass
2038 2899 2106 2960 rici
2134 2903 2186 2961 air

163 2986 343 3052 barbariuu
365 2997 399 3050 et
420 3003 488 3051 non
515 2985 694 3050 barbarum
722 2983 877 3064 interest,
911 2983 1000 3069 quod
1022 2982 1149 3048 Barba·
1199 2985 1321 3046 nunsclr
1342 2985 1494 3068 paroemia,
1523 2996 1560 3050 ut
1587 2984 1646 3049 fiat
1671 2984 1849 3071 regularis.
1893 2983 1955 3050 Est
1976 2999 2090 3052 autem
2111 2982 2186 3052 surr·

164 3092 223 3139 rus
245 3083 299 3138 est
314 3067 523 3158 irregularis:
545 3091 614 3135 non
636 3068 807 3135 Barbarus
821 3080 873 3134 est
884 3065 1088 3156 irregularis,
1111 3088 1149 3134 ar
1200 3070 1389 3137 damontum
1411 3073 1555 3136 omnium
1581 3068 1772 3159 regularum
1795 3068 2015 3159 Deoalogus,
2043 3072 2115 3135 Dae
2141 3074 2187 3135 iet

163 3159 245 3225 lebet
278 3157 469 3238 ordonttiolr,
503 3159 555 3222 ola
586 3175 676 3222 worn
697 3175 773 3222 mon
793 3158 885 3221 roolte
905 3175 1028 3241 sapon:
1060 3154 1149 3219 inter
1182 3157 1254 3219 vdie
1275 3157 1405 3220 locine
1426 3158 1492 3219 aad
1507 3157 1697 3237 sirmeintsto
1724 3155 1853 3245 regula.
1898 3157 2024 3225 Postea
2052 3169 2187 3243 oportet

163 3242 344 3312 Diabolum
366 3255 399 3309 at
419 3242 529 3309 Deum
551 3243 617 3309 hoo
638 3243 794 3308 interest:
816 3241 939 3308 Divina
956 3253 1034 3307 suut
1054 3262 1149 3328 rogu-
1200 3241 1410 3330 Deoalogum
1433 3246 1579 3310 enarrari
1594 3243 1899 3331 perEvangelium,
1921 3246 1966 3307 do
1984 3245 2187 3327 komptdomr

97 3370 99 3374 ·
162 3329 265 3408 laria3
289 3341 478 3419 congruunt
498 3351 573 3396 curn
602 3327 719 3415 regula
741 3328 844 3416 legis:
871 3325 1049 3395 Diabolioa
1070 3338 1150 3394 sunt
1199 3329 1254 3396 die
1273 3328 1405 3416 regula,
1428 3331 1469 3396 do
1515 3350 1557 3395 ua
1579 3332 1660 3411 dixi,
1681 3331 1790 3393 Milite
1811 3332 1922 3394 borram
1942 3333 2186 3416 mintionem.

162 3417 371 3506 irregularia,
391 3428 469 3483 sunt
479 3428 576 3483 extra
586 3414 736 3504 regulam
751 3416 906 3482 divinam.
934 3414 1027 3482 Haeo
1040 3416 1149 3480 omnia
1201 3414 1298 3482 Hane
1322 3428 1456 3503 oportet
1476 3351 1617 3484 ulterius
1641 3415 1817 3484 declarari.

101 3574 105 3581 ,
162 3504 530 3594 pertinentaddiotum:
550 3502 690 3592 Ἆμαρτία
703 3506 783 3569 ἐστὶν
800 3501 921 3585 ἀνομία.
945 3502 1009 3567 Etn
1023 3501 1150 3568 annet
1287 3504 1338 3570 Sit
1358 3505 1460 3590 igitur
1482 3507 1630 3570 secunda
1651 3502 1783 3591 regula:
1810 3503 1912 3566 Fides
1939 3509 2060 3587 rapitur
2081 3504 2185 3567 Evan-

66 3637 71 3660 .
162 3596 227 3661 toll
246 3590 444 3679 regulariter
463 3591 563 3657 leben.
1199 3589 1302 3673 pelio.-
1322 3589 1420 3654 Bono
1441 3594 1633 3654 comoiontr'a
1650 3591 1718 3673 lopo
1739 3612 1793 3654 serr
1810 3591 1986 3673 Decolopo.

250 3679 345 3745 Deus
366 3677 483 3744 indidit
504 3676 605 3743 menti
625 3672 793 3761 regulam,
819 3675 998 3740 transfudit
1018 3675 1053 3740 in
1075 3695 1148 3740 eam
1285 3676 1396 3761 Tertia
1418 3675 1549 3762 regula:
1572 3678 1755 3760 Decoloprrs
1771 3681 1936 3760 mancipet
1949 3679 1990 3739 da
2006 3681 2183 3751 aaronem,

165 3785 260 3833 suam
283 3765 489 3850 sapientiam,
511 3775 548 3828 ut
569 3763 637 3828 vita
661 3765 705 3827 sit
726 3759 903 3848 regularis,
932 3762 1013 3826 dam
1038 3781 1075 3826 er
1095 3763 1148 3826 ein
1199 3774 1237 3829 ut
1258 3765 1391 3849 quando
1414 3765 1548 3830 dieitur:
1570 3765 1704 3827 Honora
1722 3774 1845 3845 patrem
1867 3773 1898 3826 et
1919 3772 2065 3831 matrem:
2096 3764 2186 3830 ordi·

165 3854 315 3936 ordonnp
331 3851 427 3916 tabe:
451 3850 572 3916 Omnia
588 3845 672 3932 fecit
692 3848 785 3914 Deus
806 3849 932 3914 ordine.
967 3845 1025 3912 Sic
1046 3848 1149 3913 homi·
1199 3863 1320 3916 uantur
1342 3852 1538 3917 vocationes
1565 3862 1599 3917 et
1626 3852 1769 3937 gradus:
1796 3863 1830 3917 et
1858 3848 2080 3916 includendae
2106 3859 2186 3916 sunt

163 3959 235 4007 mes
259 3936 330 4005 vult
351 3939 468 4003 ordine
491 3937 615 4003 vivere.
659 3933 704 4001 lit
724 3956 791 4001 uon
814 3932 923 4000 solum
947 3935 1080 3999 tradidit
1101 3931 1148 3999 lu·
1199 3937 1353 4016 virtutes,
1372 3950 1406 4002 et
1427 3938 1477 4001 sio
1499 3939 1596 4002 etiarn
1614 3938 1693 4002 vitia
1709 3939 1876 4003 contraria
1892 3939 1927 4003 iu
1943 3935 2183 4024 singulaprae-

165 4046 239 4093 cern
261 4022 458 4103 naturalem,
481 4026 542 4089 sed
565 4022 692 4088 addidit
713 4022 863 4100 verbum,
908 4019 1040 4088 arefecit
1060 4040 1100 4086 so
1115 4030 1149 4085 et
1200 4034 1307 4110 cepta.
1352 4021 1412 4105 lllo
1433 4025 1488 4108 qui
1510 4004 1587 4088 nori
1600 4021 1743 4103 laborat,
1765 4025 1851 4110 rapit
1873 4045 1916 4089 ex
1933 4021 2057 4102 alieno,
2079 4035 2113 4089 et
2130 4034 2186 4088 est

163 4113 299 4178 tradidit
331 4111 515 4176 doctrinam
542 4109 645 4195 Legis
679 4121 712 4173 ot
744 4043 934 4194 Evangelii,
974 4109 1056 4174 dost
1086 4109 1148 4172 toir
1170 4108 1176 4126 '
1198 4106 1263 4187 fur,
1287 4130 1321 4170 ar
1341 4131 1408 4171 mue
1433 4109 1539 4182 etalem,
1561 4112 1619 4170 wie
1641 4109 1804 4184 tinniet,
1827 4111 2084 4193 wieesmpelret:
2110 4109 2185 4172 Wer
2247 4177 2250 4181 ,

163 4197 339 4286 regulares
361 4200 431 4262 sain
453 4200 565 4276 rouen,
587 4198 668 4262 does
688 4198 749 4261 wir
769 4195 857 4260 aicit
877 4198 935 4262 hiet
953 4195 1066 4281 peiere,
1089 4195 1149 4259 tot'e
1198 4190 1267 4257 'will
1286 4196 1370 4258 melre
1398 4196 1572 4269 oerrelren,
1603 4197 1685 4257 derra
1712 4200 1777 4259 sein
1807 4199 1898 4279 pflup
1931 4197 2016 4264 kann
2043 4196 2183 4270 anciran,

36 4340 42 4357 ,
165 4294 219 4354 em
240 4286 328 4350 lond
346 4286 428 4350 oder
447 4285 580 4371 unsletip
600 4283 706 4362 uiolae,
733 4284 853 4348 roierooi
877 4283 941 4347 dos
960 4281 1051 4346 violo
1071 4282 1148 4346 derr-
1198 4283 1267 4346 Der
1287 4303 1370 4344 murs
1391 4282 1498 4346 ndetrt
1519 4283 1685 4344 oerrlmlren
1706 4284 1772 4345 ond
1800 4284 1954 4350 nielleielrt
1982 4304 2031 4345 om
2059 4283 2185 4364 Golpoa

163 4371 247 4438 noct
264 4371 347 4436 ouclr
375 4371 427 4436 boi
452 4372 560 4437 aanor
580 4372 671 4456 repet
691 4369 816 4435 lrler'bet.
858 4366 935 4433 Alia
957 4378 1070 4433 tamen
1091 4369 1147 4433 bo·
1167 4365 1176 4466 Ι
1197 4369 1328 4433 sterben.
1364 4368 1472 4435 Didioi
1495 4370 1603 4434 hoo‘a
1625 4389 1700 4434 mea
1721 4382 1840 4449 matre,
1862 4390 1926 4436 vos
1948 4371 2046 4436 etiarn
2068 4372 2184 4436 obsor-

164 4461 228 4526 stia
249 4459 355 4544 magis
379 4468 493 4523 servat
515 4458 677 4535 ordinem,
700 4477 799 4541 quanr
821 4452 895 4521 ulia.
930 4452 1015 4540 Equi
1025 4454 1147 4519 abhor·
1197 4469 1286 4524 vare.

163 4557 239 4614 rent
260 4547 303 4611 ab
326 4545 455 4609 incesta
478 4545 727 4610 consuetudine.
770 4540 931 4608 Turtures
954 4552 988 4605 et
1009 4536 1147 4627 halcyo·
1286 4541 1414 4616 Quarta
1435 4540 1566 4630 regula:
1589 4541 1715 4603 Servios
1736 4545 1906 4615 vocationi,
1932 4563 1991 4608 aee
2015 4545 2184 4624 [eorporis

162 4654 238 4712 neo,
256 4646 393 4697 servant
413 4629 524 4717 legem
537 4631 782 4716 coniugiorum:
804 4627 879 4693 Uno
892 4628 1035 4712 coniuge
1045 4629 1148 4693 extin·
1198 4631 1528 4712 impatientiamque
1544 4629 1774 4710 desperatione.
1817 4629 1864 4690 Es
1881 4630 1955 4690 sind
1982 4630 2037 4691 die
2057 4629 2183 4692 recator

164 4731 231 4799 cto,
251 4715 337 4784 alter
359 4728 471 4783 manet
492 4728 611 4803 postea
634 4717 765 4782 viduus.
795 4715 881 4781 Sunt
901 4716 1061 4800 imagines
1083 4714 1148 4780 vir·
1198 4713 1464 4782 fundamentales
1493 4713 1632 4802 regulae
1661 4715 1761 4780 totius
1791 4717 1894 4780 vitae:
1922 4737 2009 4778 werra
2033 4708 2084 4778 ihr
2105 4716 2184 4778 leret

162 4816 268 4873 tutum
287 4806 319 4869 in
342 4805 394 4870 his
414 4802 572 4888 exemplis
595 4803 799 4887 propositae.
822 4801 930 4867 Homo
952 4802 1055 4867 habet
1078 4821 1148 4866 cer·
1198 4800 1305 4868 libros
1329 4798 1536 4882 Officioram,
1558 4821 1593 4863 ro
1614 4801 1849 4881 praenotetur
1871 4804 1925 4865 un
1947 4800 2095 4890 regulas.
2129 4801 2183 4869 ci·

163 4901 231 4957 tarn
255 4891 404 4978 regulam
427 4911 470 4956 ex
491 4892 596 4967 verbo
618 4888 695 4970 Dei,
717 4900 751 4954 et
779 4908 821 4952 ex
843 4888 966 4953 notitiis
989 4885 1148 4954 naturali·
1201 4910 1280 4956 cero
1303 4888 1386 4949 icona
1412 4909 1448 4950 so
1470 4892 1543 4951 weit
1563 4887 1651 4949 nictu
1672 4888 1819 4974 toramen.

163 4978 239 5044 bus.
292 4979 441 5044 Verbum
481 4976 547 5042 Dei
587 4977 686 5041 debet
721 4994 800 5041 esso
834 4973 973 5041 lucerna
1007 4976 1148 5060 pedibus
1285 4974 1408 5048 Quinta
1419 4973 1564 5062 Regula:
1586 4973 1684 5036 Potor
1696 4983 1728 5036 et
1745 4983 1890 5056 expectes
1902 4976 2066 5056 armiliam,
2084 4977 2183 5039 bonor

113 5146 115 5150 Α
164 5067 300 5132 nostris.
345 5065 424 5131 Vita
447 5066 548 5131 debet
569 5063 641 5150 regi
659 5065 775 5140 verbo.
1199 5062 1963 5143 eventusetnitamootemamaDeofidnor‘oFittr'.
1987 5055 2190 5143 Dieeofiorff

250 5151 286 5217 ld
309 5154 452 5239 pertinet
473 5153 572 5219 etiam
594 5151 636 5215 ad
648 5146 895 5228 adolescentes,
917 5149 1008 5216 iaxta
1021 5145 1148 5214 Psalmi
1196 5147 1337 5238 regulas
1347 5149 1490 5214 menalca
1514 5144 1691 5229 collocata
1703 5151 1796 5215 oasin
1804 5151 2090 5238 quinquedigitos.
2108 5149 2182 5214 Das
2217 5158 2227 5178 ·
