4620 5588
68 284 74 292 ¹
135 180 203 281 ns
348 218 353 226 =
747 188 750 195 ·
788 196 901 264 ran.
924 196 1026 264 aren.
1050 194 1236 263 soniam
1262 192 1527 262 amoenos.
2094 201 2161 266 aro

225 389 304 456 ideo
317 386 534 455 coadunandi
549 387 799 476 suutanimi,iut
816 398 909 454 carto
925 397 1123 467 statuamus,
1175 393 1247 471 pata
1268 388 1455 453 monebit:
1477 385 1574 473 quasi
1597 384 1703 467 dicas,
1726 387 1757 453 si
1774 383 1880 453 velles
1897 390 2016 474 exequi
2030 409 2159 476 poenas

138 478 230 567 qnod
253 475 329 542 Deo
352 495 452 541 curae
474 475 518 540 sit
539 478 637 542 etiam
658 473 744 540 haec
764 475 833 541 vita
855 470 1060 561 corporalis,
1090 487 1124 540 et
1175 494 1303 541 summo
1326 475 1398 539 iure
1419 492 1482 559 pro
1505 472 1729 559 magnitudine
1745 487 1937 541 nostrorum
1953 472 2160 559 delictorum,

138 566 232 655 quod
248 561 329 629 uelit
351 563 448 628 nobis
471 568 605 650 quoque
628 563 708 628 dere
730 563 821 627 bona
845 558 905 626 illa
932 561 1122 647 petentibus
1175 580 1292 626 omues
1320 561 1505 647 periremus
1534 556 1693 627 funditus.
1738 560 1832 627 llaec
1854 563 2015 651 mitigatio
2037 584 2160 648 poena·

139 648 257 718 attide
279 650 562 736 exspectantibus.
594 646 774 717 Disoaruus
797 646 1045 715 etiamsolvere
1058 647 1122 714 has
1174 668 1247 713 rum
1270 647 1369 713 etiam
1391 658 1444 713 est
1465 647 1633 733 promissa
1654 650 1687 713 iu
1700 646 1794 714 Euan
1821 645 1898 728 elio,
1920 661 1954 715 et
1976 651 2161 716 certissima

139 738 363 807 abiectiones:
893 810 896 815 Α
1175 735 1274 801 datur
1300 734 1398 798 etiam
1425 731 1567 823 siugulis
1597 736 1753 801 membris
1811 733 1955 802 eclesiae
1984 736 2160 824 agentibus

927 832 931 853 ¹
1174 821 1409 907 poeniteutiam
1433 831 1465 886 et
1486 824 1676 908 petentibus
1698 822 1944 910 mitigationem.

181 909 289 977 Nemo
310 909 478 992 cataracte
495 912 573 990 repr:

181 1000 269 1080 Erpa
286 998 526 1080 pronumtiatum
542 996 929 1080 bonomancorporalium,
947 1014 1032 1079 quoe
1047 1003 1127 1062 auat
1260 990 1332 1069 Hae
1355 1005 1433 1058 sunt
1453 996 1653 1080 praecipuae
1676 996 1858 1075 doctrinae,
1880 997 1922 1061 ad
1945 1016 2032 1083 quas
2054 991 2160 1081 appii·

124 1134 127 1138 -
224 1088 356 1167 bader,
375 1091 454 1149 artat
472 1087 614 1151 munies.
1175 1078 1283 1146 canda
1305 1091 1357 1145 est
1378 1078 1464 1145 baec
1485 1078 1641 1156 historia,
1675 1079 1803 1148 scilicet
1832 1084 1874 1148 de
1897 1103 1962 1148 usu
1983 1080 2160 1148 miraculo·

1152 1175 1258 1246 'rum,
1281 1179 1314 1232 et
1332 1167 1375 1232 de
1396 1166 1587 1233 discrimine
1609 1170 1883 1255 promissionum
1904 1168 2051 1253 inprimis
2067 1189 2161 1248 vero,

224 1254 430 1341 Respondeo
450 1254 495 1319 ad
516 1253 731 1320 antecedens.
775 1252 900 1320 Verum
922 1264 991 1333 est,
1025 1255 1054 1318 si
1076 1251 1122 1318 le-
1174 1254 1343 1341 quomodo
1366 1255 1607 1359 promissiones
1631 1255 1793 1323 bonorum
1821 1256 2043 1341 corporalium
2065 1251 2161 1323 iutel-

106 1388 109 1392 -
161 1342 258 1410 aliter
279 1338 461 1428 intelligas,
482 1342 545 1407 sed
561 1343 697 1427 quaudo
714 1360 830 1407 sumus
841 1342 968 1427 recepti
985 1352 1123 1426 propter
1173 1337 1328 1428 ligandae
1351 1350 1427 1406 erut.

136 1365 255 1498 Eilium
278 1428 513 1507 Medicinam,
541 1439 610 1493 tum
627 1430 726 1493 etiam
747 1426 904 1495 inchoata
926 1447 1030 1513 opera
1052 1425 1122 1512 pla·

138 1527 216 1584 cent
236 1515 314 1594 fide,
336 1528 474 1599 proptor
499 1515 640 1579 enodem
664 1513 892 1594 blediatorem,
920 1514 1058 1601 perinde
1081 1534 1122 1578 ac
1260 1510 1385 1578 Postea
1411 1513 1445 1579 in
1474 1512 1540 1579 hac
1565 1514 1641 1601 ipsa
1669 1514 1810 1580 historia
1837 1513 1961 1580 multae
1982 1526 2061 1581 sunt
2081 1516 2160 1581 ima·

137 1605 168 1670 si
194 1601 264 1691 legi
291 1596 586 1667 satisfecissemus.
631 1597 762 1666 Habent
786 1602 887 1688 igitur
908 1602 998 1666 bona
1019 1621 1123 1687 opera
1175 1600 1282 1688 gines.
1327 1600 1356 1666 Α
1385 1597 1484 1665 ostoli
1506 1601 1708 1667 distribuunt
1728 1620 1835 1689 panes
1857 1599 1982 1688 populo
1999 1612 2159 1688 acceptos

138 1691 285 1778 praenna
307 1708 370 1752 sua
391 1688 490 1753 etiam
512 1687 546 1751 in
567 1684 634 1752 hae
654 1688 735 1753 uita.
827 1702 831 1707 ·
1144 1655 1151 1799 Ι
1174 1707 1216 1753 ex
1237 1706 1336 1752 rrrauu
1349 1619 1484 1752 danari.
1524 1686 1618 1753 llaec
1640 1697 1693 1755 cst
1713 1688 1832 1774 pulcra
1854 1685 2016 1774 allegoria
2039 1691 2161 1776 guber·

225 1773 368 1854 Deinde,
390 1774 420 1838 si
442 1771 613 1862 politicum
634 1770 722 1861 legis
743 1792 840 1840 usum
857 1773 1030 1860 inspicias,
1052 1793 1123 1839 ser·
1173 1776 1319 1840 nationis
1341 1770 1528 1840 Ecclesiae.
1574 1773 1730 1842 Christus
1749 1778 1806 1842 dat
1827 1774 1982 1855 uerbum‘,
2003 1771 2161 1860 Apostoli

138 1873 197 1930 vat
218 1860 314 1929 Deus
336 1858 425 1926 banc
445 1858 597 1948 regulam
617 1859 651 1925 in
675 1861 838 1927 communi
860 1860 946 1942 rita,
967 1873 1005 1927 ut
1026 1872 1122 1926 ornet
1174 1861 1207 1926 in
1243 1861 1425 1927 ministerio
1458 1876 1646 1947 proponunt
1676 1872 1710 1928 et
1743 1883 1783 1929 ea
1807 1859 1910 1927 licant
1943 1860 2159 1929 auditoribus.

27 1951 31 1960 '
136 1950 296 2035 praemiis
314 1948 411 2013 etiam
433 1949 589 2012 virtutem
611 1935 792 2034 politicam,
815 1957 850 2012 et
861 1949 1049 2014 econtrario
1063 1968 1122 2034 pu·
1173 1942 1305 2013 Deinde
1326 1966 1432 2032 panes
1454 1958 1638 2034 augentur,
1672 1959 1705 2014 et
1733 1970 1765 2013 m
1803 1946 1993 2033 tiplicantur
2019 1942 2160 2015 mirabili

138 2038 186 2103 nit
206 2037 333 2102 atrocia
355 2031 476 2099 delicta
497 2033 668 2099 atrocibus
698 2035 833 2119 poenis:
867 2045 915 2112 ut,
947 2034 1038 2098 Nero
1067 2030 1124 2104 val
1175 2044 1208 2098 et
1231 2030 1365 2101 occuito
1388 2035 1506 2111 modo;
1528 2035 1578 2099 sie
1600 2036 1751 2101 doctriua
1781 2036 1902 2101 crescit
1923 2055 1987 2101 usu
2009 2046 2043 2101 et
2064 2054 2160 2101 exar-

137 2123 270 2188 tandem
291 2122 424 2207 punitur
446 2118 655 2185 horribiliter.
701 2118 845 2199 Contra,
881 2120 993 2206 Scipio
1025 2122 1123 2186 bene-
1175 2119 1339 2187 citatione.
1394 2119 1447 2185 Fit
1474 2121 1507 2185 in
1530 2122 1729 2188 docentibus
1747 2117 1803 2187 lux
1826 2122 1948 2203 unior,
1982 2136 2016 2187 et
2038 2126 2160 2187 crescit

137 2208 237 2289 licus,
259 2211 379 2287 iustus,
402 2218 528 2286 castus,
561 2207 646 2291 gerit
668 2226 724 2270 res
747 2205 1021 2292 gloriosissimas.
1065 2206 1123 2270 Sic
1174 2208 1207 2272 in
1230 2207 1436 2272 discentibus
1457 2202 1647 2275 intellectus
1668 2210 1773 2275 verbi.

139 2307 254 2362 servat
275 2293 369 2360 Dens
403 2295 502 2359 etiam
534 2289 670 2378 politice
702 2290 792 2357 banc
818 2291 985 2381 regulam:
1025 2292 1126 2360 Beati

138 2388 241 2464 rader,
263 2386 413 2465 proraiam
430 2390 556 2446 terrum
573 2381 790 2463 possidebant.
1261 2377 1344 2445 Plus
1367 2381 1464 2445 etiam
1487 2376 1698 2468 relinquitur,
1733 2402 1831 2470 quam
1859 2393 2016 2467 quantum
2038 2401 2160 2466 panum

224 2465 331 2534 biuito
347 2468 454 2553 magis
477 2478 672 2532 sauctorum
694 2466 881 2533 obedientia
902 2467 937 2529 in
958 2462 1124 2546 Ecclesia,
1174 2468 1267 2553 prius
1300 2468 1464 2532 adfuerat.
1520 2465 1593 2533 lieo
1622 2468 1764 2552 pertinet
1793 2470 1836 2534 ad
1857 2469 1948 2533 hane
1965 2467 2157 2553 promissio·

137 2557 195 2642 qui
224 2564 305 2621 suut
337 2551 558 2630 reconciliati,
591 2550 704 2638 placet
735 2550 828 2633 Deo,
861 2563 894 2618 et
925 2549 1028 2618 habet
1060 2570 1124 2617 sna
1175 2570 1268 2618 nem:
1291 2556 1385 2634 nate,
1403 2561 1438 2619 et
1452 2546 1583 2621 dabidur
1603 2558 1700 2623 oodb.

137 2642 306 2729 praemia,
339 2650 375 2704 ut
396 2635 621 2725 Eleemosyna
653 2639 773 2705 viduae
793 2640 1000 2725 sareptanae
1033 2657 1123 2705 com-

137 2738 302 2815 pensatur
321 2726 510 2813 ingentibus
538 2724 721 2831 beneficiis.
776 2724 870 2830 ilaus
895 2727 1011 2876 pascit
1039 2745 1123 2804 eam,
1261 2723 1438 2791 Postremo
1461 2725 1578 2789 dicitur
1599 2725 1669 2839 bic,
1689 2723 1834 2832 collecta
1844 2723 2158 2834 fuisseiragmenta.

139 2809 945 2965 ‘'E“1¹²⁶¹¹33¹¹⁹a¹i⁸i⁸aissi¹,ilifilllssam
964 2823 1031 2965 iit
1045 2830 1123 2964 iii
1174 2808 1249 2964 iii
1265 2806 2159 2983 iizmiitisiiii‘si⁰iii.¹‘t¹.⁸.i‘”⁰.¹ii.i.⁰.t⁸

138 2899 358 3076 gladceldtefflc
380 2918 493 3135 guz:
517 2996 551 3051 et
579 2985 670 3089 quod
699 2985 853 3090 vicissim·
866 2918 963 3051 Diadel
984 2981 1123 3136 l{aturrus
1174 2982 1258 3051 Vult
1279 2985 1420 3088 agnosci
1442 2985 1577 3092 anobis
1592 2947 1681 3051 d’ona
1699 2922 1990 3093 etbenefleiasla,
2013 2942 2159 3054 atracia

139 3073 772 3247 :irrestaurabilia
790 3070 983 3139 ‘¹¹⁰¹‘¹¹“”¹
1010 3069 1123 3159 Μ’
1174 3067 1541 3246 asinariis
1567 3066 1744 3226 iiis
1764 3071 1939 3241 {w
1952 3072 2160 3227 ‘itti‘ii
2212 3168 2218 3175 ·

180 3337 323 3403 aaa..
337 3335 443 3415 ,aa
464 3338 587 3397 ..aa
608 3333 713 3397 aaa.
971 3341 975 3347 ,
1174 3254 1457 3409 :ildiris
1472 3245 2161 3420 tibuit:iisiiiibiiit‘it

181 3422 337 3488 Abnoren
354 3421 458 3501 peiren
480 3426 588 3483 armet
606 3420 712 3484 subt:
1175 3416 1331 3481 extrudat
1353 3418 1478 3484 cibum:
1529 3416 1607 3484 aulo
1634 3433 1713 3505 post
1741 3422 1861 3485 iterum
1890 3420 2042 3485 esuriens
2064 3419 2161 3498 redit,

184 3510 325 3576 werdt
340 3515 402 3589 pra
415 3509 521 3589 sarcir
538 3506 634 3575 nteit
1175 3513 1208 3568 et
1224 3522 1343 3608 marsus
1365 3514 1464 3651 vorlat
1485 3440 1565 3569 illos
1584 3506 1708 3612 crudos
1745 3509 1840 3573 cibos
1864 3518 2032 3609 extrusos.
2067 3503 2161 3571 ilaec

224 3679 319 3745 Deus
338 3676 537 3752 custoditae
558 3689 659 3763 auget
679 3675 829 3762 privatas
846 3687 879 3741 et
900 3672 1051 3762 publicas
1073 3673 1122 3741 ia·
1174 3589 1560 3758 (esstmrppagloalppipopprrp
1580 3604 1621 3745 dl
1630 3595 1973 3767 dillddullllddrrdndlffiis
1986 3592 2091 3745 {dexte
2111 3590 2159 3743 3

8 3756 17 3764 ’
138 3765 281 3833 cultates
302 3777 440 3851 propter
461 3760 705 3829 liberalitatem.
740 3762 811 3843 ilis,
826 3763 880 3849 qui
900 3759 1122 3828 benefaciunt
1174 3763 1353 3842 ebrientur,
1375 3775 1409 3827 et
1429 3763 1571 3830 subinde
1585 3778 1751 3848 evomant,
1774 3779 1806 3833 et
1823 3788 1901 3833 mox
1918 3766 2159 3831 tameniterum

138 3850 333 3930 Ecclesiae,
366 3853 458 3918 addit
479 3848 576 3915 Deus
597 3846 700 3914 multa
721 3851 829 3924 boua3
862 3860 894 3912 at
921 3869 1122 3936 quamquam
1171 3849 1386 3937 ingurgitent.

139 3937 333 4027 affliguntur
355 3936 567 4024 aliquamdiu,
591 3951 700 4000 tamen
720 3945 949 4025 sustentantur
966 3934 1121 4001 mirabili·

139 4039 199 4092 ter.
245 4024 307 4092 Hic
329 4043 411 4111 ergo
435 4025 589 4089 obiicitur
610 4018 749 4088 alterum
771 4032 1019 4109 argumentnmr
1259 4019 1296 4085 lu
1319 4019 1477 4088 universa
1493 4021 1563 4087 vita
1580 4020 1715 4088 multum
1740 4024 1840 4090 situm
1864 4036 1916 4089 est
1938 4024 1970 4090 in
1994 4034 2087 4090 recta
2106 4043 2157 4088 ra·

775 4132 778 4137 ·
1171 4108 1263 4172 tione
1284 4108 1393 4172 nctus
1411 4107 1655 4188 constituenda,
1677 4129 1764 4194 quae
1786 4112 1981 4178 necessaria
2003 4122 2067 4190 est,
2089 4128 2156 4173 non

182 4197 277 4264 Deera
304 4195 424 4282 utstipit
441 4196 628 4277 Ecckrrbm,
657 4203 692 4261 et
709 4195 808 4281 paruit
826 4195 988 4274 bominac,
1022 4199 1121 4260 ettam
1172 4191 1282 4258 solum
1304 4213 1366 4278 pro
1390 4205 1442 4258 ter
1463 4190 1697 4274 valetudinem,
1719 4198 1781 4262 sed
1800 4199 1897 4263 etiam
1918 4207 1956 4263 nt
1977 4195 2076 4262 animi
2099 4214 2158 4261 uo·

225 4285 466 4350 eoactbrimoa:
1173 4281 1233 4346 stri
1255 4281 1322 4344 sint
1343 4215 1453 4345 iddnei
1476 4291 1508 4345 et
1530 4280 1599 4365 apti
1620 4282 1663 4346 ad
1687 4284 1903 4372 cogitandum
1933 4304 1988 4350 res
2012 4282 2156 4360 divinas,

182 4370 273 4454 Erpa
285 4366 419 4451 [muira
437 4376 593 4452 petantur
613 4370 697 4435 imre
717 4370 908 4453 warmatia
1082 4404 1085 4409 ·
1173 4379 1206 4433 et
1227 4365 1271 4431 ad
1291 4365 1525 4433 invocandum.

225 4539 429 4630 Respoudao
457 4541 501 4606 ad
529 4541 750 4607 antecedens:
782 4539 927 4605 Exercet
960 4546 994 4604 et
1024 4537 1121 4624 punit
1259 4537 1406 4603 Pertinet
1438 4537 1537 4603 etiam
1558 4537 1745 4625 exemplum
1769 4539 1948 4630 colligendi
1969 4540 2157 4630 fragmenta

139 4630 234 4697 Deus
261 4633 358 4696 etiam
381 4637 518 4693 sanctos
542 4646 636 4706 suos,
669 4629 755 4694 sicut
787 4624 846 4692 lob
879 4626 1001 4714 iuquit:
1035 4626 1120 4708 Seio,
1171 4624 1214 4689 ad
1256 4621 1609 4692 commoneiaationem
1646 4628 1688 4692 de
1728 4631 1969 4697 conservandis
2008 4628 2157 4718 reliquiis

139 4721 225 4800 prod
250 4736 315 4785 noa
344 4720 459 4798 porris
485 4715 701 4797 delinquenti:
734 4723 767 4778 et
799 4709 922 4800 singuli
954 4710 1118 4778 babemus
1171 4710 1345 4777 doctrinae
1375 4711 1411 4775 in
1442 4708 1616 4792 Ecclesia,
1649 4733 1693 4780 ne
1726 4715 1874 4781 sinamus
1906 4718 2030 4804 scripta
2063 4710 2157 4782 utilia

137 4802 269 4888 lapsas,
292 4810 534 4869 commereutas
557 4819 708 4886 poenam.
753 4796 820 4864 Sed
842 4811 951 4865 tamen
973 4817 1042 4863 nou
1064 4817 1116 4864 ac·
1169 4797 1319 4884 priorum
1339 4796 1474 4864 interire
1495 4799 1640 4885 ignavia,
1664 4812 1722 4867 aut
1742 4801 1851 4867 studio
1874 4803 2072 4870 novitmumr
2095 4800 2156 4867 sed

72 4911 83 4923 ·
139 4888 253 4957 cendit
285 4888 380 4956 Deus
413 4898 516 4954 totam
548 4888 632 4953 iram
664 4903 777 4969 aaam3
815 4884 946 4972 mitigat
975 4903 1120 4972 poenam
1170 4903 1257 4971 quaa
1290 4894 1384 4952 recte
1404 4894 1483 4952 suut
1504 4886 1643 4967 tradita,
1677 4906 1903 4975 propagemus
1935 4891 1978 4955 ad
2012 4886 2154 4977 posteri·

139 4977 317 5149 agp'ptpppts
338 4974 587 5062 poeniteutiam,
610 4971 889 5124 etiuvgpffibus
910 4988 975 5124 :aa
988 4982 1040 5122 et,¹
1054 4967 1120 5122 uitsni
1169 4980 1282 5037 tatem.

138 5084 171 5129 ro
313 5078 719 5172 ,nonposseruuasus
845 5078 912 5145 poa
981 5078 1085 5138 ,ux

140 5149 262 5216 damu
286 5144 426 5225 Psalmi:
447 5150 488 5216 bt
506 5153 693 5233 mdes
712 5146 950 5227 admit,
970 5142 1119 5225 W
