4620 5588
107 188 112 199 '
188 215 256 288 cta
714 158 737 171 ‘¹
877 208 1100 287 eostam
1119 213 1521 287 umemuoursus,
1602 300 1610 307 ,
1946 280 1949 287 ,
2139 214 2210 287 rot

184 407 257 470 eleo
279 405 359 469 oreb
387 406 442 468 die
466 402 607 488 Predipt
633 403 754 470 Christi
780 427 822 469 aa
854 406 969 470 diesem
990 415 1052 474 ort.
1094 408 1170 474 Noa
1222 426 1322 474 metm
1343 411 1519 493 mwepeo
1536 413 1593 473 tal:
1627 404 1771 493 Sapiens
1806 416 1840 473 et
1867 405 1978 473 tidelis
2007 418 2125 492 pastor
2144 406 2208 477 Ec·

178 496 317 577 potestis
339 497 454 557 sasire
475 492 648 558 nemone
674 500 706 556 et
727 493 814 556 Deo:
835 492 911 559 Non
931 497 1005 557 sitis
1025 494 1169 560 solliciti.
1223 490 1349 560 clasiae
1366 513 1460 569 saca,
1482 512 1550 558 nou
1571 504 1684 578 potest
1706 513 1773 559 non
1797 493 1887 559 aldai
1911 494 2070 580 periculis
2099 493 2208 579 publi·

182 579 281 646 ltern:
304 579 443 642 Prioarm
464 582 605 661 quaerite
621 599 749 662 raptum
770 580 846 647 Del.
890 580 1017 663 Sollicil
1034 582 1102 645 diei
1123 584 1169 663 of·
1222 580 1282 645 cis.
1348 579 1446 646 Videt
1477 580 1665 665 principum
1692 576 1840 646 sorores:
1866 581 1956 646 videt
1985 582 2208 686 cogitationes

178 667 284 747 flictio
306 687 375 728 ruo.
1222 676 1256 731 et
1274 665 1416 732 consilia
1438 664 1601 731 mirabilia
1623 663 1817 731 multorum:
1839 662 1899 732 llle
1921 664 2021 746 banc,
2037 663 2095 732 rlle
2108 664 2209 737 aliam

271 752 337 818 Ubi
365 771 460 817 mens
487 771 556 817 non
582 764 635 818 est
663 764 778 820 erecta
806 764 840 818 et
869 752 1067 820 confirmata
1093 754 1170 834 fida,
1221 749 1293 818 uult
1315 749 1430 817 facere
1450 750 1730 819 reformationem.
1770 750 1877 817 videt
1906 755 2003 818 etiam
2031 754 2208 823 doctorum

183 848 218 904 et
239 840 318 904 nixa
339 839 373 904 in
393 837 488 916 Deo,
518 859 567 901 soc
593 860 628 901 es
647 839 736 902 aicit
756 859 791 901 zu
814 839 893 903 Gott
914 841 1029 913 uela,
1060 841 1170 904 laist
1221 834 1370 915 surores3
1403 839 1494 905 videt
1521 840 1779 905 inconstantiam
1812 837 1917 925 vulgi,
1951 842 2031 905 dors
2061 861 2099 905 er
2119 842 2212 909 aaut

182 922 377 1013 irregularis
400 925 477 1003 vita,
501 936 534 990 et
555 945 651 991 mens
673 937 727 991 est
741 923 832 992 velut
841 925 998 1012 Euripus.
1020 925 1170 993 Pronnn·
1220 931 1327 1001 weles,
1348 945 1397 991 wo
1414 945 1453 991 er
1473 927 1596 991 lietben
1617 929 1689 1005 soll,
1711 925 1775 990 nisi
1796 925 1841 990 sit
1861 926 1961 991 nixus
1983 925 2017 991 in
2039 924 2127 990 Deo.

184 1013 272 1077 tiate'
289 1010 378 1076 banc
405 1030 524 1075 vocem
551 1013 661 1078 media
689 1010 826 1099 syllaba
858 1015 970 1080 brevit
1001 1013 1170 1080 interdum
1307 1009 1387 1076 illas
1410 1030 1510 1076 curas
1533 1022 1566 1075 et
1593 1009 1836 1077 sollicitudines
1868 1012 1989 1076 intueri
2017 1030 2081 1076 nos
2108 1031 2208 1097 opor·
2250 1018 2255 1026 ‘

183 1098 386 1183 producitur,
413 1108 553 1183 proter
586 1118 734 1178 carmen,
767 1097 933 1178 ueletiam,
967 1119 1010 1165 ex
1044 1120 1169 1164 errore.
1220 1109 1279 1176 tet,
1291 1098 1424 1183 quando
1446 1093 1600 1163 volumus
1613 1098 1723 1162 dicere
1746 1098 1788 1163 de
1808 1096 1875 1163 bac
1893 1099 2056 1164 concione
2068 1095 2207 1180 Christi,

183 1185 260 1246 Mon
281 1191 354 1265 rapt
376 1186 444 1264 oft.-
500 1182 727 1266 omollurtpar.
749 1183 792 1249 Et
815 1183 954 1251 Cicero.-
973 1185 1088 1251 Nollns
1104 1186 1169 1249 llu-
1219 1186 1273 1251 dle
1289 1187 1407 1267 peborl
1426 1184 1469 1248 ad
1490 1179 1579 1248 illam
1602 1179 1765 1270 regulam,
1790 1203 1888 1269 quam
1910 1185 2207 1269 supranominati·

181 1274 272 1353 ripas
293 1278 356 1332 tam
377 1273 485 1332 carias
505 1273 589 1332 cicer
609 1270 713 1350 balet,
735 1293 827 1354 worn
854 1275 941 1335 sulio
964 1276 1169 1338 cmaitimtsm.
1220 1289 1294 1337 mas
1316 1281 1482 1356 quartamt
1506 1272 1638 1336 Serota
1659 1275 1827 1349 recudent,
1847 1289 1889 1336 tre
1906 1268 2086 1353 franparls
2104 1277 2206 1355 impa-

180 1357 280 1429 ltem‚
312 1359 435 1438 Euripo
463 1357 652 1419 rnatobilior.
695 1357 759 1423 Est
789 1358 911 1424 dictum
927 1355 1169 1443 'proverbiales
1219 1363 1342 1439 ttentto,
1363 1366 1420 1423 met
1439 1359 1480 1422 de
1520 1361 1683 1422 eratione:
1716 1377 1815 1440 quam
1841 1357 1991 1442 sequitur
2016 1354 2204 1424 consolatio
2248 1358 2256 1371 ⁸

180 1441 328 1528 Euripus
356 1442 438 1506 beist
467 1441 579 1508 fluxus
608 1455 641 1508 ct
673 1443 823 1510 refluxus
852 1447 954 1511 maris
984 1447 1168 1512 secundum
1218 1443 1253 1507 in
1275 1445 1390 1529 quinta
1412 1464 1449 1508 re
1510 1463 1547 1508 a:
1570 1445 1668 1508 Peter
1689 1451 1724 1508 et
1743 1452 1896 1522 espectet
1912 1463 1934 1509 o
1951 1446 2021 1508 Deo
2038 1448 2205 1529 sordium,

180 1539 293 1595 motus
315 1528 449 1594 Lunae:
479 1529 537 1590 Alc
557 1550 594 1591 tu
614 1529 798 1614 Hamlarplc
820 1531 917 1594 dedet
937 1552 1025 1593 mom
1046 1532 1078 1596 in
1100 1529 1168 1596 illis
1192 1526 1199 1647 i
1220 1539 1283 1594 etc.
1334 1528 1442 1603 Quam
1466 1530 1500 1594 ia
1531 1526 1690 1610 vivimus,
1723 1530 1859 1594 veniunt
1891 1529 2032 1594 subinde
2065 1531 2204 1615 impedi·

86 1628 96 1639 '
180 1612 266 1680 locis
296 1616 415 1681 uicinis
443 1610 545 1681 littori
571 1616 686 1683 maris.
729 1618 825 1682 blare
853 1616 956 1684 habet
982 1616 1093 1683 flauas
1115 1638 1168 1683 se·
1219 1625 1343 1694 menta,
1366 1634 1472 1700 eaque
1496 1633 1635 1702 magna:
1668 1615 1806 1680 veniunt
1832 1632 1963 1680 remora
1997 1626 2031 1680 at
2063 1634 2207 1702 magnae

181 1703 326 1766 cundum
348 1712 460 1767 motus
481 1700 608 1767 Lunae.
653 1702 750 1768 Luna
773 1705 940 1791 gubernat
959 1703 1117 1770 humores
1133 1705 1168 1770 in
1220 1698 1443 1781 calamitates,
1489 1718 1552 1764 uae
1579 1701 1761 1786 impediunt
1783 1721 1918 1767 cursum
1946 1700 1981 1767 in
2002 1703 2204 1768 vocationes

180 1785 240 1852 illo
264 1808 386 1874 magno
405 1807 562 1871 corpore,
582 1789 648 1853 ciet
670 1786 782 1855 fluxus
805 1800 838 1856 et
852 1790 1011 1870 refluxus,
1034 1792 1168 1857 sicutin
1190 1726 1198 1886 Ι
1218 1792 1263 1855 da
1280 1791 1384 1872 felltr
1404 1807 1448 1853 oo
1465 1721 1641 1877 Padusae,
1663 1789 1707 1853 do
1727 1806 1772 1852 atr
1792 1790 1920 1853 audem
1941 1787 2084 1869 napea.
2106 1785 2205 1855 Alius
2275 1822 2281 1831 ·

179 1875 306 1940 nostris
325 1874 524 1959 corporibus
554 1876 728 1954 sentimus,
758 1877 847 1963 quod
876 1875 987 1942 fluxus
1018 1876 1168 1943 cicantur
1218 1875 1253 1940 in
1273 1872 1340 1940 alio
1363 1893 1487 1960 genere
1509 1875 1686 1939 cruciatur.
1733 1871 1795 1938 llic
1825 1871 1978 1939 Christus
2009 1872 2206 1940 consolatur

180 1971 271 2026 motu
295 1959 421 2025 Lunae.
466 1959 622 2044 Euripus,
640 1961 674 2026 id
702 1971 774 2040 est,
804 1963 1024 2048 reciprocatio
1052 1964 1168 2044 maris,
1220 1981 1296 2040 nos,
1327 1965 1397 2027 rtrrd
1416 1969 1507 2041 sapt:
1529 1964 1600 2028 ltbn
1621 1967 1695 2026 silis
1715 1963 1861 2026 soliciti:
1893 1962 2024 2043 Sufficit
2050 1962 2119 2026 diet
2142 1980 2206 2028 ruo

180 2049 371 2113 nominatur
387 2048 430 2112 ab
449 2045 481 2111 sl
494 2059 526 2112 et
537 2044 629 2135 leui,
647 2046 680 2112 id
693 2059 756 2126 est,
768 2060 983 2129 momentum,
997 2048 1054 2115 uel
1068 2051 1168 2130 ictus,
1220 2053 1364 2132 afflictio.
1413 2046 1500 2112 Sunt
1532 2064 1637 2112 voces
1672 2043 1919 2111 consolationes
1953 2058 2070 2110 contra
2102 2047 2205 2131 impu.

180 2131 461 2212 amutabilitate,
487 2153 549 2200 seu
577 2132 769 2201 uelocitate.
833 2133 931 2199 Wean
964 2157 1035 2198 man
1072 2156 1168 2219 rupea
1219 2134 1365 2199 tiantiam
1389 2143 1423 2198 et
1445 2133 1722 2219 desperationem.
1766 2131 1854 2196 Dico
1876 2132 2015 2217 primum
2039 2133 2082 2196 de
2103 2133 2205 2218 impa-

179 2218 248 2281 soill
266 2240 326 2281 oon
348 2222 445 2281 anem
473 2219 565 2301 disp,
598 2221 675 2282 dors
705 2220 770 2283 oiel
793 2221 1006 2301 aestuabat,
1031 2222 1092 2284 slus
1123 2223 1169 2285 rlo
1194 2264 1197 2273 ·
1219 2221 1350 2287 tientia:
1372 2220 1451 2307 quia
1472 2217 1567 2286 multi
1588 2215 1764 2304 fraguntur
1786 2214 1905 2283 dolore
1935 2229 1969 2283 et
1989 2219 2205 2302 impatientia,

179 2305 291 2368 caudet
307 2305 373 2367 oud
389 2305 495 2368 wellet
515 2309 550 2367 ia
570 2305 634 2368 ibm
654 2305 759 2380 selon,
780 2307 847 2370 aad
868 2308 995 2388 sleaset
1021 2307 1076 2370 bin
1103 2309 1169 2372 tarel
1219 2316 1257 2373 at
1278 2306 1436 2371 abiiciunt
1453 2307 1675 2372 vocationem.
1720 2303 1827 2378 Quam
1845 2301 1937 2369 multi
1955 2305 2035 2370 boni
2053 2304 2205 2370 homines

178 2391 244 2467 ber,
266 2412 302 2454 so
325 2399 399 2473 sapt
419 2413 491 2454 mon
512 2390 668 2478 Euripus.
1219 2391 1352 2478 lugiunt
1372 2393 1517 2458 studium
1538 2388 1757 2476 Theologiae,
1786 2401 1820 2455 et
1842 2391 2060 2456 ministerium
2087 2387 2205 2458 dolore

266 2477 302 2543 ln
324 2476 470 2543 humano
491 2488 630 2562 pectore
653 2490 730 2545 sunt
750 2477 920 2546 mirabiles
941 2477 1055 2567 Euripi
1076 2481 1169 2632 cogi·
1220 2478 1375 2564 quodam,
1397 2478 1474 2565 qbia
1495 2474 1608 2542 vident
1629 2487 1754 2543 tantum
1776 2496 1857 2541 essa
1874 2479 2097 2542 vexationum.
2121 2474 2204 2549 Qots

177 2565 356 2642 tatianum,
380 2561 607 2644 consiliorum,
629 2563 819 2633 affectuum.
850 2564 937 2639 Quid
959 2579 1012 2632 est
1032 2569 1119 2632 insta
1143 2569 1170 2633 i·
1219 2562 1292 2630 uult
1313 2584 1353 2630 se
1374 2582 1518 2630 onerare
1538 2560 1732 2629 laboribus?
1774 2560 1899 2628 Postea
1921 2564 1998 2629 dico
2021 2563 2064 2629 de
2085 2564 2205 2647 despe-

178 2648 244 2716 lius
266 2648 411 2715 humano
456 2648 591 2718 actore?
612 2651 679 2714 lats
701 2651 784 2714 doct
804 2655 863 2714 wie
885 2653 1169 2726 antanaclasis
1218 2652 1361 2718 ratione.
1404 2653 1558 2718 dlcrwlrer
1578 2653 1710 2716 deaclt:
1731 2670 1801 2716 roas
1822 2652 1910 2716 attat
1931 2648 2030 2717 tlon?
2061 2648 2205 2717 'lantum

177 2734 331 2824 procella
357 2739 391 2799 ia
455 2740 480 2797 'e
508 2736 631 2800 andem
663 2745 789 2803 rtosset.
833 2737 903 2805 lam
935 2741 1169 2807 excruciemur
1218 2757 1347 2812 moves,
1369 2749 1403 2804 et
1418 2739 1535 2803 turbas
1558 2733 1781 2822 Respublicas
1804 2747 1838 2801 et
1854 2734 1937 2802 nihil
1954 2735 2101 2822 proficis.
2141 2734 2205 2802 Est

82 2826 86 2834 '
178 2824 363 2901 amoribus,
385 2825 449 2888 iam
472 2823 564 2902 odio,
587 2823 653 2891 iam
675 2821 868 2906 doloribus,
894 2827 960 2891 iam
981 2838 1082 2907 metu,
1102 2826 1169 2894 iam
1218 2837 1369 2893 extrema
1396 2824 1578 2902 dementia,
1611 2821 1737 2889 frustra
1768 2821 1846 2900 niti,
1878 2831 1912 2886 et
1938 2833 2066 2888 tantum
2092 2822 2205 2895 odium

179 2929 251 2996 spe.
281 2907 438 2975 Minimae
460 2929 517 2976 res
540 2920 632 2991 sunt,
653 2931 739 2998 quae
755 2921 899 2995 possunt
919 2909 1035 2979 lacere
1052 2914 1168 3001 ingen·
1242 2931 1392 2991 aaerere,
1425 2919 1459 2977 at
1491 2907 1572 2976 nihil
1604 2906 1781 2996 proficere.
1825 2907 1986 2974 Socrates
2014 2915 2089 2989 sapt
2114 2908 2203 2993 apud

178 3007 234 3063 tes
256 3006 368 3064 motus
390 2996 502 3062 animi.
545 3000 864 3081 paupertatulam
890 3004 948 3082 let,
976 3003 1056 3067 does
1072 3007 1168 3067 anea
1252 2996 1475 3084 enopbontem
1497 3008 1531 3063 et
1552 2993 1737 3076 Platonem,
1760 2995 1850 3082 quod
1863 2994 2204 3082 lugeritadnrinistra·

176 3103 315 3168 praesen
331 3086 507 3152 masclae
528 3086 612 3151 soe-t
633 3088 788 3152 tetradeo
809 3088 885 3152 lon.
929 3084 965 3151 ln
987 3085 1166 3152 Theocrito
1217 3087 1341 3151 tionem
1374 3081 1592 3170 Reipublicae
1625 3083 1704 3170 quia
1734 3083 1854 3161 viderit
1887 3101 1960 3147 eam
1993 3101 2063 3146 non
2100 3098 2205 3165 posse

179 3182 245 3249 est,
268 3167 392 3245 Τῦτθος
413 3172 474 3251 ἕης,
496 3168 534 3234 roi
552 3163 761 3258 deipaiporo
781 3170 870 3251 ἡλίκα
891 3179 996 3248 ποιεῖς.
1025 3171 1168 3257 Ὁσσίχον
1218 3173 1400 3250 emendari,
1433 3169 1499 3236 nisi
1530 3172 1661 3258 magnis
1692 3169 1855 3248 motibus,
1887 3168 2050 3235 caedibus
2082 3167 2252 3257 exilias

179 3260 244 3323 rect
259 3254 293 3320 ri
313 3256 425 3341 rippa,
447 3260 501 3322 aod
521 3255 626 3321 atem
647 3255 745 3344 ἄνδρα
762 3256 922 3338 deperdat.
962 3256 1017 3324 De
1038 3257 1098 3325 illa
1119 3263 1169 3325 in·
1218 3258 1339 3326 Videte
1360 3257 1438 3337 mm,
1471 3253 1587 3344 quales
1610 3266 1726 3324 aestus
1750 3257 1827 3328 sint,
1849 3253 1914 3316 ciel
1932 3253 2145 3334 Proetiae-err,
2167 3262 2205 3322 ut
2285 3291 2288 3295 ·

180 3344 369 3410 constantia
391 3342 526 3408 immani
549 3345 673 3425 cordis,
696 3345 739 3410 de
761 3342 827 3495 alis
849 3344 1020 3431 aestibus,
1041 3342 1167 3412 sollici·
1218 3345 1366 3412 muniant
1377 3363 1473 3410 suem
1494 3345 1688 3429 potentiam,
1711 3353 1745 3409 et
1755 3342 1920 3407 retineant
1954 3341 2203 3427 uibuscunque3

178 3430 366 3508 tudinibus,
389 3430 616 3509 cruciatibus,
650 3431 707 3517 qui
739 3450 761 3492 o
793 3440 892 3497 untur
924 3451 966 3497 ex
993 3433 1096 3497 variis
1118 3430 1168 3498 af-
1218 3432 1338 3498 modis.
1384 3428 1477 3517 Papa
1498 3431 1644 3495 incendit
1678 3426 1802 3495 bellum
1835 3429 1869 3492 in
1896 3361 2002 3505 bellic,
2030 3437 2067 3492 ut
2095 3424 2205 3512 fugiat

179 3516 337 3595 lectibus,
363 3526 397 3580 et
429 3516 575 3595 caussis,
604 3512 750 3602 loquitur
773 3514 940 3583 Christus.
983 3516 1082 3584 Mens
1107 3518 1168 3586 bu·
1219 3514 1415 3585 Concilium.
1460 3512 1862 3581 Aliihabentcontraria
1885 3510 2205 3593 consiliaturus

179 3622 280 3666 mana
301 3620 369 3666 non
390 3612 503 3687 potest
525 3621 603 3667 esse
621 3604 743 3690 quieta,
767 3603 900 3687 quando
922 3623 991 3668 non
1016 3616 1069 3670 est
1090 3604 1169 3670 nixa
1220 3604 1297 3666 oller
1318 3615 1433 3669 aestus
1457 3603 1659 3667 animorum:
1690 3599 1845 3662 sliesellca
1871 3599 1935 3661 leat
1963 3600 2084 3661 konnen
2116 3597 2204 3662 siclt

168 3689 214 3754 ‘in
237 3686 324 3765 Deo,
342 3707 404 3754 seu
427 3687 560 3774 quando
578 3699 712 3753 nonest
728 3683 1011 3756 fundatainDeo.
1041 3696 1104 3758 Wle
1115 3694 1169 3758 tltr
1219 3691 1274 3752 dic
1294 3689 1399 3771 copel:
1419 3689 1546 3770 Sstfficit
1567 3688 1634 3750 diei
1656 3689 1802 3768 afflictio.
1839 3685 1903 3749 Die
1924 3706 2034 3768 prosse
2056 3693 2149 3766 capot
2169 3686 2205 3752 in

179 3777 234 3840 tlte
254 3777 374 3839 solorre
391 3774 568 3860 imaginem
585 3778 671 3840 loll.
700 3774 842 3849 Quaado
859 3773 998 3863 Moyses
1020 3778 1113 3862 petit,
1130 3786 1168 3843 nt
1219 3777 1349 3855 animis,
1382 3796 1451 3840 non
1479 3775 1602 3862 patitur
1634 3793 1694 3840 eos
1728 3774 1915 3860 quiescere,
1944 3773 2007 3838 scd
2034 3769 2205 3838 cumulant

52 3883 55 3887 ’
179 3856 275 3926 Deus
287 3879 328 3925 se
339 3860 495 3924 ostendat
511 3861 588 3945 ipsi,
604 3871 691 3940 orat,
701 3872 738 3926 at
749 3862 859 3947 possit
869 3865 1067 3947 conspicere
1079 3883 1168 3943 eum,
1218 3860 1308 3930 mala
1329 3859 1436 3928 malis.
1480 3861 1539 3927 Sic
1559 3861 1660 3948 igitur
1682 3861 1775 3939 dico,
1805 3862 1895 3947 quod
1923 3857 2018 3925 multi
2047 3860 2205 3925 deserant

80 4692 94 4715 s
183 4637 291 4702 cietur
313 4634 538 4704 sollicitudine

180 3947 273 4012 iubet
295 3967 370 4013 eam
388 3944 483 4011 Deus
506 3949 695 4013 consistere
720 3949 755 4013 in
782 3969 882 4034 rupet
904 3950 938 4014 id
960 3962 1025 4029 est,
1037 3961 1169 4033 oportet
1218 3948 1368 4017 officium
1387 3968 1449 4034 per
1470 3947 1726 4033 impatientiam3
1754 3944 1809 4013 alii
1833 3966 1894 4031 per
1922 3945 2202 4032 desperationem,

180 4053 257 4100 eam
291 4034 478 4098 consistere
504 4032 539 4096 in
565 4031 711 4101 Christo.
765 4038 836 4101 Das
866 4042 1015 4119 perstem
1043 4038 1167 4103 dictum
1219 4037 1353 4123 quando
1375 4036 1488 4102 uident
1508 4035 1622 4101 irritos
1655 4051 1734 4100 esse
1766 4052 1883 4099 omnes
1915 4031 2053 4100 labores
2085 4041 2119 4098 ct
2146 4049 2203 4098 co·

180 4123 285 4189 etelret
314 4121 348 4185 in
369 4118 472 4184 Esaia
500 4129 533 4184 et
554 4117 752 4186 Salomonet
779 4125 851 4188 don
880 4132 932 4189 est
947 4143 1020 4206 por
1041 4129 1169 4208 imptis:
1218 4135 1328 4191 natus.

180 4206 320 4292 impium
353 4225 415 4271 cor
445 4209 512 4273 leon
544 4208 622 4272 leta
651 4208 746 4291 frtecl
781 4210 906 4275 balea:
933 4212 1003 4276 diss
1020 4212 1169 4293 pemeinc
1306 4207 1432 4275 Contra
1464 4207 1549 4274 baec
1578 4206 1687 4275 omnia
1709 4203 1866 4274 Christus
1898 4222 1964 4271 nos
1998 4200 2217 4273 consolatur..

181 4294 303 4358 dictum
320 4302 435 4377 potest
445 4293 488 4356 ad
500 4289 602 4358 multa
613 4295 869 4359 accommodari.
898 4293 1168 4362 Talcestbuma·
1226 4300 1291 4363 er
1311 4299 1390 4362 sind
1409 4301 1442 4362 to
1463 4315 1555 4361 ame
1576 4296 1691 4362 elerrrle
1710 4299 1790 4376 leat,
1822 4305 1935 4359 mmen
1958 4311 2074 4358 sumus
2098 4287 2201 4355 collo·

181 4398 260 4445 num
293 4399 363 4458 cor,
396 4379 530 4465 quando
564 4389 617 4444 est
648 4389 745 4445 extra
773 4379 888 4457 denunt
928 4386 1000 4449 Wos
1020 4384 1112 4450 uiclrt
1132 4389 1168 4450 ln
1219 4383 1287 4450 cati
1308 4384 1535 4448 iactationem
1559 4392 1695 4446 certam.
1740 4380 1813 4444 Nos
1836 4381 2017 4446 doceamus
2040 4387 2074 4441 et
2095 4377 2206 4446 disca·

181 4469 246 4533 den
267 4463 393 4552 regulis
414 4465 527 4547 elehel,
547 4468 618 4531 und
633 4470 741 4547 polet,
759 4465 802 4531 de
823 4468 944 4552 quibus
966 4469 1043 4537 dixi.
1218 4489 1317 4535 mus:
1359 4467 1572 4533 Gubernator
1605 4477 1702 4554 regat
1735 4465 1887 4532 subditos
1920 4486 2019 4532 suos:
2053 4461 2205 4530 Pateria·

269 4551 412 4624 Quando
434 4571 502 4617 non
524 4553 652 4702 τεέῑωζ
673 4550 889 4703 ἰΗὶεάῑεςιιΙὲε
910 4553 1029 4660 bomo,
1050 4576 1169 4624 exera·
1219 4553 1327 4620 milies
1349 4562 1445 4660 regat
1465 4550 1641 4632 familiam,
1676 4563 1710 4618 ct
1741 4563 1874 4618 maneat
1906 4553 1940 4617 in
1974 4551 2134 4702 statiorie,
2166 4568 2206 4616 er

183 4722 382 4803 elimatione,
416 4726 457 4789 de
490 4657 599 4790 variis?
620 4649 740 4804 P'elrtrlrls,
771 4640 1169 4812 ligeelffeiirnit'ngceleaea
1219 4662 1307 4793 signet
1334 4643 1429 4791 'mitt
1454 4643 1594 4791 1111ζί11011.
1615 4645 1777 4793 ‘offitiis
1795 4643 2205 4792 rissetrgnsomolegefiicitorsspg,

182 4810 266 4876 aiud
298 4811 362 4875 Etn
383 4807 637 4891 Paterfamilias,
658 4813 721 4877 der
741 4815 823 4878 scell
842 4817 913 4881 und
931 4817 1173 4895 thaddaeum!
1219 4816 1343 4879 minus:
1366 4817 1438 4879 dun
1459 4819 1532 4879 sitta
1552 4816 1680 4880 solliciti
1695 4815 1737 4878 de
1758 4818 1920 4891 crastino,
1950 4812 1992 4877 de
2015 4809 2206 4890 eventibus,
2250 4848 2260 4859 —

183 4897 259 4962 kein
276 4898 351 4961 drot
368 4901 413 4962 tm
433 4899 527 4976 boas,
554 4900 629 4965 darn
649 4901 737 4965 toird
760 4900 875 4981 denpe.
919 4899 1064 4985 Sapiens
1086 4903 1169 4969 civis
1220 4902 1262 4967 de
1284 4900 1387 4977 victu,
1420 4899 1463 4967 de
1494 4900 1620 4965 tuenda
1652 4897 1853 4965 valetudine.
1908 4897 1997 4970 Quid
2024 4896 2128 5001 igitur
2155 4893 2205 4961 la·

183 4982 318 5067 quando
341 4981 430 5048 videt
452 4981 542 5048 bella
559 4993 593 5049 et
613 4980 779 5069 pericula3
812 4986 902 5050 videt
934 5006 1013 5052 esse
1045 5009 1169 5074 propo·
1221 4985 1327 5053 ciaml
1359 4986 1528 5074 quomodo
1550 5004 1689 5070 possum
1722 5003 1800 5050 esse
1821 4980 1907 5049 liber
1931 4986 1973 5048 ab
1997 4984 2069 5048 istrs
2092 4981 2205 5050 const

184 5069 248 5133 sita
271 5064 382 5148 exilia,
414 5070 610 5150 errationes,
637 5070 803 5150 miserias,
836 5069 1055 5153 calamitates,
1088 5073 1169 5140 talia
1219 5078 1273 5142 lrte
1292 5077 1404 5157 loorpt
1422 5075 1476 5141 dle
1496 5077 1603 5155 repet:
1633 5075 1783 5152 Owerue
1807 5076 1949 5154 primum
1975 5090 2111 5152 reputem
2132 5073 2204 5152 Det

183 5155 406 5241 prospiciens,
426 5175 494 5223 non
510 5165 623 5241 potest
643 5176 712 5224 non
729 5153 831 5225 ualde
846 5160 1032 5231 excruciari
1047 5161 1169 5245 animo,
1219 5171 1286 5228 etc.
1304 5162 1374 5229 Scit
1383 5170 1485 5251 poter
1499 5167 1616 5244 water,
1636 5161 1723 5244 eme
1741 5178 1827 5243 opus,
1843 5159 2000 5224 bohema.
2030 5155 2115 5223 Sunt
2130 5153 2202 5263 red

337 5270 487 5320 Um
498 5274 583 5322 om·
595 5275 662 5322 wls.
673 5275 743 5320 m-
1860 5279 1907 5330 Ὦ
