4620 5588
172 168 234 237 rer
854 168 1070 239 rosrnns
1101 148 1503 241 acumicorum.
1596 236 1610 251 „
2120 172 2187 259 ros

168 371 232 431 etri
251 364 419 429 merati
435 370 529 430 cont:
549 364 640 450 qnod
660 358 1151 429 interillnlatrociniaassidua
1200 384 1236 431 ee
1257 366 1362 430 Ισασάσ
1382 364 1473 428 nott
1493 365 1586 429 recte
1603 363 1686 429 sein.
1732 363 1789 428 Sic
1811 383 1894 450 ergo
1919 363 2130 443 emendabat,
2149 375 2188 432 ut

169 464 203 516 et
225 451 355 528 crebra,
382 446 477 514 Deus
500 462 611 516 tamen
632 448 782 516 serravit
801 443 1000 515 Ecclesiam.
1044 444 1151 515 lrlaria
1201 450 1338 529 diceret,
1359 469 1460 532 reaper
1481 452 1597 516 bovem.
1630 446 1730 513 Tales
1749 460 1827 514 sunt
1840 446 1951 527 scioli,
1971 452 2024 516 die
2040 455 2095 517 eta
2109 450 2188 533 dina

167 536 214 602 ibi
236 532 396 601 habitavit
420 532 591 602 excellens
612 536 765 622 ingenio,
787 531 897 601 forma
919 543 953 600 et
975 535 1150 618 sapientia,
1201 540 1314 604 moilen
1335 537 1449 602 bercer
1470 539 1618 613 maciem
1640 538 1710 601 aad
1728 537 1884 603 moeliens
1905 555 2012 617 erper.

168 632 203 689 et
224 618 311 687 tales
340 642 409 686 non
431 633 574 707 possunt
596 623 705 688 assei
756 634 842 687 otae.
896 617 988 684 Talis
1022 615 1082 685 suit
1116 634 1150 687 et
1289 620 1465 687 Canticum
1486 618 1613 687 Mariae
1644 633 1697 686 est
1744 621 1899 703 ratiarum
1930 621 2018 687 actio
2040 620 2083 688 de
2104 620 2187 689 libe·

168 728 269 775 soror
297 709 369 774 eius
390 720 425 774 ct
446 705 587 775 similes:
615 707 696 774 item
761 705 911 784 nabeth,
938 705 1038 772 etiam
1060 704 1150 776 haud
1199 709 1386 774 rationibus
1398 704 1585 786 Ecclesiae,
1609 719 1643 772 et
1659 706 1726 773 da·
1790 702 1963 795 principali
1975 706 2185 791 liberatione

168 795 268 861 dubie
290 791 463 862 excellens
478 791 598 873 forma,
620 795 766 880 iugenio,
788 805 822 859 et
837 793 1017 880 rapientia3
1038 814 1151 879 quam·
1201 791 1358 861 videlicet
1385 794 1428 859 de
1457 794 1603 860 exhibito
1633 790 1780 872 Massia,
1813 796 1904 860 iuxta
1933 794 2185 878 promissiones.

168 877 540 1034 mittini
550 877 659 1033 rili.
670 878 1151 1034 vitiisresistere?
1174 980 1178 1003 2
1200 878 1510 1051 witti
1531 884 1621 1031 itt*
1642 882 1833 1033 '‘332'th
1849 882 2187 1033 'millii‘

168 1067 205 1121 ut
225 1053 409 1121 babeamus
432 1051 629 1139 exemplum,
662 1055 752 1139 qnod
775 1073 891 1119 omnes
914 1049 1024 1137 capilii
1045 1012 1151 1120 nostri
1173 1040 1177 1132 1
1201 1052 1296 1120 Deus
1319 1063 1373 1118 est
1395 1054 1593 1120 recordatus
1614 988 1887 1136 ploomissionnm,
1917 1072 2001 1139 quus
2024 1053 2186 1120 immonsa

168 1142 233 1206 sint
256 1141 432 1207 numerati:
464 1136 508 1206 Et
540 1141 630 1226 quod
651 1141 685 1205 in
707 1139 810 1206 Esaia
832 1141 966 1207 dicitur:
998 1138 1067 1222 Epo
1094 1160 1151 1224 aa·
1173 1152 1177 1228 i
1201 1141 1349 1207 bonitate
1371 1161 1433 1205 sua
1453 1136 1597 1205 tradidit.
2162 1176 2166 1181 -

167 1230 260 1294 stolo
279 1236 320 1310 te,
342 1234 428 1294 storo
443 1236 557 1312 postor
578 1245 667 1294 ovem
688 1245 805 1293 reeens
816 1229 945 1293 editam
979 1221 1041 1292 illa
1061 1228 1151 1293 dicta
1173 1238 1177 1297 i
1285 1223 1348 1293 Est
1370 1224 1656 1305 commemoratio,
1678 1226 1769 1313 quod
1791 1218 1886 1291 Deus
1909 1235 2023 1291 servet
2044 1226 2185 1309 promie-

168 1315 290 1381 debent
309 1314 409 1380 nobis
430 1332 508 1378 esse
529 1315 719 1379 notissima:
742 1313 820 1398 quia
834 1327 912 1380 sunt
925 1310 1048 1400 clypei,
1071 1325 1150 1380 sunt
1200 1314 1332 1392 εἰσασε,
1376 1322 1410 1378 et
1449 1313 1542 1378 iuxta
1574 1312 1816 1395 promissiones
1851 1314 1978 1377 miserit
2011 1308 2184 1378 llassiam.

167 1420 267 1467 arces
293 1396 479 1467 interillos
510 1398 623 1466 tristes
651 1412 685 1466 et
710 1394 897 1467 horrendas
918 1399 1060 1466 insidias
1082 1401 1150 1466 dia·
1200 1396 1381 1464 Praeterea
1409 1399 1506 1464 etiarn
1536 1397 1570 1463 in
1599 1417 1736 1484 genere,
1764 1398 1853 1484 quod
1875 1400 1968 1465 iuxta
1989 1398 2192 1482 promissio·⁴

167 1483 246 1553 boli-
1173 1485 1262 1552 ines
1284 1498 1397 1551 servet
1419 1479 1616 1551 Ecclesiam.
2169 1540 2177 1559 .‚

253 1570 379 1638 Postea
400 1573 526 1650 videte,
559 1592 658 1659 quarn
680 1572 846 1651 suaviter,
903 1592 978 1637 uem
1004 1555 1177 1640 honestel
1288 1568 1375 1647 Quid
1396 1568 1750 1658 significathnib‘tas
1771 1567 1875 1637 iuillo
1889 1588 2007 1637 versu:
2029 1570 2185 1659 separe

165 1655 214 1725 illi
234 1655 386 1726 homines
408 1659 494 1724 inter
514 1678 553 1724 se
567 1659 758 1724 conversati
780 1658 861 1723 sinte
913 1664 991 1738 ἐπιξ
1009 1662 1065 1742 μὲν
1086 1683 1148 1722 m·
1173 1704 1176 1737 ‚
1199 1660 1430 1727 demittentem:
1456 1678 1499 1723 an
1521 1658 1691 1735 virtutem,
1725 1655 1779 1722 rel
1802 1656 1990 1723 miseriam?
2031 1650 2184 1743 Respon-

165 1770 225 1825 eryt
241 1751 350 1829 φίλος,
374 1742 513 1832 cippum
542 1742 575 1808 et
596 1741 729 1830 μύρμαξ.
784 1740 852 1811 iste
885 1764 1005 1810 versus
1037 1757 1148 1811 monet
1171 1750 1177 1766 ⁴
1201 1747 1275 1812 deo.
1322 1743 1495 1831 Significat
1516 1745 1693 1810 miseriam.
1739 1740 1775 1808 ln
1797 1742 1902 1809 vetari
1923 1740 2043 1808 Latina
2067 1740 2185 1835 lingue

166 1851 230 1895 nos
265 1835 307 1897 de
340 1830 591 1897 consociatione
624 1844 657 1896 et
690 1831 963 1918 congregatione.
1016 1828 1148 1897 Bonum
1200 1850 1267 1897 non
1291 1843 1342 1896 est
1367 1831 1495 1896 virtutis
1518 1850 1654 1896 nornen:
1688 1840 1724 1895 nt
1752 1849 1830 1896 esse
1850 1822 1965 1894 humili
1981 1829 2116 1909 animo,
2148 1820 2183 1897 id

166 1928 219 1983 est
241 1919 528 1997 conservativum,
553 1938 618 1982 con
645 1919 847 2004 regatirum,
870 1928 904 1983 et
926 1919 1148 1984 communica·
1201 1930 1273 1997 ast,
1303 1918 1456 1997 abiecto,
1486 1913 1568 1983 nihil
1594 1917 1745 2004 cogitare
1767 1910 1994 2001 praeclarum,
2016 1932 2183 2023 magnum.

165 2005 266 2071 tirum
287 2004 357 2079 seit
377 2000 504 2070 illalum
525 2016 577 2069 est
600 2003 841 2089 dessipatirum,
858 2016 891 2070 et
908 2004 1147 2070 destructivum
1199 1998 1341 2069 Humilis
1363 2003 1494 2082 domus,
1526 2000 1648 2070 handle
1670 2000 1875 2082 aedificium,¹
1906 2005 1961 2067 ein
1981 2004 2110 2084 alderia
2125 2021 2183 2085 pe·

166 2090 230 2156 sui·
288 2088 359 2157 Hae
387 2102 467 2155 sunt
494 2091 720 2176 proprietates
748 2090 829 2155 boni
855 2101 889 2155 et
909 2087 997 2155 mali·
1052 2087 1147 2157 lleus
1200 2090 1275 2157 bere.
1320 2088 1378 2154 Sic
1408 2084 1574 2155 Hebraica
1604 2087 1718 2173 phrasi
1744 2092 1832 2156 belet
1854 2108 1890 2154 ee
1919 2089 2071 2175 proprie,
2105 2091 2205 2169 ,lats⁴

166 2186 219 2242 est
240 2193 478 2264 congregator,
500 2174 635 2242 attrahit
657 2172 967 2250 adseEeclesiam;
991 2188 1024 2242 et
1039 2187 1148 2242 trans·
1200 2177 1259 2243 mir
1287 2174 1381 2242 elcard
1413 2174 1552 2243 leucen.
1608 2179 1658 2243 let
1687 2176 1748 2242 dut
1773 2178 1879 2243 werdt
1898 2173 1982 2254 snt,
2016 2177 2079 2241 dae
2099 2176 2188 2243 tarr

165 2256 272 2329 tundit
300 2264 342 2328 de
370 2284 433 2328 suo
457 2278 594 2348 pectore
616 2262 774 2350 Spiritum
804 2275 974 2339 sanctum3
1003 2283 1147 2329 commu·
1223 2284 1261 2327 ro
1286 2263 1345 2340 rie,
1367 2262 1471 2328 abaci.
1513 2260 1629 2327 Virtus
1651 2259 1720 2337 illa,
1743 2282 1842 2348 quam
1867 2281 2024 2326 votmmus'
2047 2254 2184 2346 demitti,

164 2350 257 2421 nicet
271 2351 370 2440 nobis
390 2369 485 2415 suam
507 2349 705 2428 essentiam,
727 2359 761 2415 et
782 2345 917 2433 copulat
938 2369 1013 2414 nos.
1047 2346 1147 2414 Tales
1200 2285 1327 2414 leonis
1350 2361 1402 2413 est
1425 2343 1601 2428 Modestia,
1633 2354 1687 2414 ein
1713 2350 1903 2429 σίασσασσσσι
1919 2350 2091 2430 aemulae,
2123 2348 2187 2416 dot

164 2447 198 2503 et
218 2455 284 2501 nos
306 2436 468 2502 debemus
491 2456 580 2502 esse.
636 2437 698 2514 θαι·
717 2443 828 2501 monet
846 2441 881 2500 ia
901 2434 1086 2518 dilectione,
1112 2436 1148 2500 in
1199 2438 1269 2501 eicit
1290 2436 1381 2501 amat
1401 2436 1587 2517 cuffbleeet,
1621 2437 1690 2501 aad
1708 2437 1801 2500 meir
1820 2439 1893 2500 teta
1914 2437 1994 2513 mili,
2026 2432 2117 2500 dean
2148 2454 2185 2502 ec

164 2526 233 2589 Deo
254 2532 373 2589 manet.
417 2521 515 2587 ltenn
542 2518 646 2604 ὄμοσον
665 2519 758 2609 ὁμοίῳ
780 2527 876 2604 φίλον.
920 2519 1002 2586 item
1030 2519 1148 2597 κολοιός
1173 2598 1176 2609 Ι
1200 2527 1251 2602 ist,
1272 2523 1343 2587 atad
1360 2522 1737 2598 clementissimam,
1759 2539 1845 2606 qnae
1867 2520 2185 2605 stabatpropebo·

163 2614 233 2673 uoci
253 2608 372 2673 κολοιὸν
393 2608 498 2688 ἱζάνει.
550 2602 679 2673 Similia
708 2621 741 2672 et
764 2621 910 2695 cognata
933 2610 1147 2687 conveniunt,
1173 2627 1176 2701 j
1200 2627 1292 2686 vem,
1321 2618 1355 2672 et
1383 2607 1564 2673 mirabatur
1585 2606 1843 2693 magnitudinem
1867 2607 1984 2684 bovis,
2019 2617 2053 2672 et
2080 2601 2186 2687 voluit

165 2705 200 2760 et
233 2694 356 2777 debent
387 2715 483 2761 auam
506 2694 775 2760 coniunctionem
806 2692 911 2772 tueri,
949 2707 982 2760 et
1014 2706 1149 2762 tuentur
1173 2704 1177 2752 ἐ
1199 2686 1253 2760 illi
1276 2714 1337 2780 par
1360 2713 1455 2759 esse:
1487 2693 1550 2758 sed
1579 2693 1807 2759 intumescens
1836 2693 1972 2777 crepuit.
2017 2692 2184 2761 Antonius

95 2800 101 2812 ·
167 2782 278 2847 etism
310 2779 382 2888 ⁸Sic
406 2781 485 2885 boni
506 2778 629 2847 debent
651 2780 844 2861 convenire,
858 2791 905 2884 'et
928 2781 984 2866 qui
997 2802 1073 2884 onon
1096 2791 1149 2846 est
1174 2769 1178 2887 J
1200 2792 1253 2847 est
1274 2777 1351 2844 talis
1373 2797 1467 2886 rana,
1523 2799 1582 2845 rae
1603 2779 1772 2882 Angusto,
1796 2788 1831 2847 et
1851 2777 2024 2866 Aegustus
2046 2789 2099 2845 est
2119 2780 2183 2855 bct

165 2891 351 3021 iiiiii
365 2877 979 3033 et¹rtti.‚²it.ttttttt”ttii
996 2862 1150 3018 istit:
1199 2858 1797 3038 tt⁰iiit3¹⁰i...”tiit.tii⁰i
1816 2884 1979 3018 diiii}
1995 2872 2184 3034 ililllil}

165 3035 219 3109 lue
241 3052 306 3120 esi,
327 3051 363 3105 ut
375 3034 502 3106 Paulus
516 3040 636 3126 inquii,
658 3051 777 3105 auctor
790 3036 1026 3119 ἀκαταστασίας,
1047 3059 1149 3126 quee-
1175 3084 1177 3117 :
1200 3042 1286 3107 lteiei
1306 3037 1438 3104 Graece
1459 3039 1724 3142 ταπεινοφροσύνῃ,
1745 3059 1814 3105 non
1831 3037 2016 3120 ταπεινότης.

166 3128 210 3191 rit
231 3127 476 3210 dissipationes.
1287 3122 1395 3190 Maria
1417 3126 1486 3211 agit
1503 3135 1642 3211 gratias,
1663 3124 1754 3212 quod
1768 3146 1836 3193 noa
1850 3124 2010 3211 respiciat
2031 3102 2186 3207 virlutee,

251 3210 408 3279 Antehac
418 3209 577 3290 Ecclesia
598 3205 661 3277 suit
681 3213 713 3276 in
733 3211 818 3276 duas
841 3222 953 3297 partes
977 3212 1147 3276 distracta.
1174 3199 1177 3223 '
1200 3210 1263 3277 sed
1284 3210 1437 3277 miserias
1460 3206 1649 3277 Ecclesiae:
1680 3212 1744 3277 Wie
1765 3213 1858 3278 einer
1879 3212 1985 3278 donch
2007 3222 2095 3297 sapt,
2122 3208 2186 3279 das

165 3298 235 3365 lam
256 3295 367 3364 iactae
383 3309 461 3364 sunt
479 3320 588 3365 novae
605 3298 856 3363 distractiones:
877 3300 955 3365 Matr
975 3300 1036 3364 liet
1053 3301 1150 3365 etates
1175 3310 1177 3373 ζ
1199 3299 1268 3364 ibm
1289 3318 1351 3364 aar
1368 3317 1505 3379 prosser
1526 3302 1602 3380 poci
1616 3300 1768 3381 pennifera
1789 3298 1840 3380 iet,
1862 3303 1913 3364 otc
1934 3318 2027 3364 meaa
2045 3305 2099 3364 eia
2112 3288 2183 3365 Me·

167 3392 302 3452 mmor
322 3389 501 3468 maceriem,
517 3388 580 3452 doe
599 3404 641 3451 sa
658 3384 829 3451 arteman
849 3385 901 3450 ist.
1174 3404 1177 3487 ἰ
1201 3384 1296 3451 dicus
1319 3390 1430 3466 emon,
1450 3385 1514 3449 der
1533 3384 1598 3450 den
1617 3388 1702 3450 sima
1718 3387 1786 3460 bct,
1815 3383 1869 3479 eia
1887 3392 1948 3466 pat
1964 3382 2183 3534 pharmacum

254 3469 420 3558 Cogitate,
444 3468 553 3557 qualis
581 3468 681 3537 fuerit
707 3469 1061 3551 convenerantsese,
1082 3466 1149 3535 Eli·
1175 3491 1177 3501 ·
1199 3472 1415 3552 daraorpibt,
1438 3472 1500 3536 tiae
1522 3472 1580 3536 ibn
1603 3491 1671 3552 toep
1692 3473 1796 3537 trabe
1841 3469 1898 3535 Sic
1923 3490 1963 3536 so
1979 3489 2073 3535 emus
2100 3462 2183 3536 alle·
2262 3498 2267 3509 ·

166 3554 522 3636 ariomanitarum
543 3568 781 3636 matronarum,
803 3559 869 3621 imo
888 3559 987 3623 etiam
1008 3555 1148 3624 aliorum
1199 3577 1281 3645 gare
1303 3558 1466 3636 morbum,
1486 3556 1640 3623 miserias
1658 3556 1692 3621 in
1714 3555 1921 3622 liberatione.
1966 3554 2093 3621 Omnes
2121 3548 2182 3623 ho·

167 3644 453 3709 sanctissimorum
482 3641 660 3707 hominum.
705 3640 801 3706 Multi
827 3640 915 3709 haud
948 3644 1047 3709 dubie
1070 3664 1149 3709 eon·
1199 3645 1305 3709 mines
1326 3644 1373 3707 ita
1392 3639 1587 3730 loquuntur:
1620 3640 1814 3728 Magnitudo
1838 3638 1989 3708 beneficii
2014 3661 2081 3707 uon
2103 3658 2182 3709 con·

167 3742 344 3796 venerunt:
367 3726 533 3794 illiracula
544 3738 785 3794 contraxerunt
802 3748 875 3807 eos,
890 3729 1049 3794 metadm
1059 3725 1148 3794 suma
1199 3730 1283 3816 spici
1304 3741 1415 3812 potest
1437 3731 1501 3796 nisi
1524 3725 1703 3794 collatione
1721 3727 1860 3807 doloris,
1881 3740 1915 3794 et
1930 3726 2008 3793 mali
2027 3720 2182 3814 oppositi.

97 3874 100 3883 .
166 3812 228 3885 tuit
247 3817 282 3880 in
304 3816 437 3894 ricinia,
458 3816 548 3902 quod
569 3835 656 3881 anus
674 3812 795 3881 effoeta
811 3814 1033 3900 concepisset.
1066 3815 1148 3881 item
1283 3816 1464 3899 Eedtactt,
1497 3816 1575 3882 item
1603 3823 1765 3898 respexit.
1795 3815 1879 3898 secti
1895 3819 2080 3898 potentiana,
2113 3834 2182 3881 non

167 3903 258 3988 qnod
280 3900 463 3968 Zachariae
493 3904 526 3966 in
555 3899 679 3986 templo
699 3897 810 3967 factus
832 3910 885 3967 est
906 3915 1027 3967 mutus.
1070 3902 1146 3967 Non
1197 3914 1276 3969 sunt
1299 3900 1496 3982 Praeterita,
1518 3901 1578 3967 sed
1601 3913 1679 3967 sunt
1702 3901 1851 3981 Acrista,
1878 3896 2036 3985 absoluta
2058 3921 2080 3965 a
2101 3912 2182 3981 teni-

167 3989 289 4072 putetis
322 3987 389 4052 boc
421 3985 547 4054 factum
579 4008 659 4054 esse
690 3989 725 4053 in
756 3984 904 4075 angulo:
949 3985 1042 4055 Deus
1076 3985 1147 4054 vult
1198 4007 1290 4074 pore.
1783 4021 1787 4031 ·
2166 4002 2169 4007 ·

167 4077 317 4160 conspici
338 4069 544 4154 Ecclesiam,
573 4072 646 4141 vult
667 4095 742 4141 eam
765 4075 867 4153 cerni,
889 4074 1055 4152 exaudiri3
1076 4071 1175 4142 vult.
1284 4073 1417 4142 amem
1433 4076 1576 4158 Spiritm
1597 4076 1688 4140 meus
1710 4077 1825 4141 tadeo
1845 4079 1988 4141 edomat·
2006 4093 2085 4156 meo,
2107 4074 2183 4158 pods

165 4172 246 4227 nota
277 4181 357 4226 esse
389 4161 593 4227 testimonia:
627 4161 757 4227 erranei
783 4156 940 4227 Ecclesia
970 4181 1038 4226 nen
1072 4181 1147 4227 cum
1197 4164 1344 4246 respexit
1364 4164 1593 4228 damnitatem:
1613 4160 1648 4225 id
1669 4173 1733 4239 est,
1759 4181 1860 4228 amer
1884 4180 1965 4244 praa
1994 4162 2103 4227 etatae
2126 4162 2185 4228 Mi

71 4284 74 4289 ·
165 4248 366 4314 exercitibus
395 4259 536 4334 vagatur
557 4248 748 4326 inmundo,
775 4260 885 4312 tamen
913 4247 987 4333 ipsa
1015 4267 1148 4335 quoqrm
1198 4269 1237 4314 er
1257 4248 1451 4330 anauahen.
1495 4246 1601 4314 Maria
1628 4243 1790 4312 transfert
1821 4249 1854 4314 in
1884 4268 1981 4315 suam
2001 4260 2181 4333 personam

166 4332 389 4418 conspicitur,
424 4346 457 4398 ct
488 4329 547 4399 illa
574 4353 661 4420 quae
689 4331 771 4399 iacit
795 4332 890 4399 Deus
922 4335 957 4399 in
978 4331 1145 4415 Ecclesia,
1170 4332 1174 4356 ¹
1199 4333 1422 4412 calamitates,
1450 4333 1602 4399 miserias
1624 4343 1658 4398 et
1679 4330 1903 4402 lacerationes
1926 4332 2028 4400 tatius
2051 4329 2180 4421 populi:

165 4416 238 4487 vult
265 4421 415 4505 conspici
443 4431 478 4485 et
498 4420 653 4526 agnosci.
695 4418 787 4486 llaec
808 4419 948 4504 primum
970 4420 1147 4487 dictasint
1170 4360 1174 4530 l
1197 4421 1284 4486 σασα
1305 4422 1360 4487 die
1380 4423 1522 4503 celeberr
1542 4422 1783 4505 tasiliacum,
1805 4426 1855 4488 sie
1870 4429 1915 4488 iet
1928 4422 1982 4487 ein
1999 4438 2072 4487 arm
2088 4420 2184 4486 ittadt

164 4506 208 4570 da
227 4507 365 4585 itinere,
391 4502 568 4591 periculis,
600 4508 643 4572 de
660 4508 927 4591 consociatione,
959 4507 1002 4573 de
1035 4503 1146 4575 delen
1170 4537 1172 4543 ·
1193 4527 1355 4589 gemescat,
1383 4506 1453 4573 aad
1477 4509 1530 4573 eia
1556 4509 1635 4574 wet's
1661 4508 1749 4572 kind.
1795 4505 1945 4573 interfuit
1966 4506 2180 4572 sermonibus

165 4591 260 4658 mone
282 4604 478 4659 sanctorum
497 4594 532 4658 in
560 4592 659 4658 tantis
681 4590 847 4677 periculis,
894 4592 961 4660 Sed
982 4594 1144 4661 addamus
1196 4613 1416 4677 personarum
1438 4613 1651 4673 summarum,
1697 4613 1760 4658 uae
1782 4594 1983 4673 sentiebant,
2005 4613 2104 4678 quam
2126 4611 2181 4657 es·

164 4676 285 4744 etalio
306 4679 468 4765 quaedam
491 4676 725 4745 Grammatico.
1195 4690 1248 4744 set
1270 4678 1429 4744 deformis
1452 4680 1596 4759 miseria,
1632 4614 1856 4746 etlrorribilis
1877 4677 2039 4746 laceratio
2061 4676 2181 4744 Eccle-

252 4764 339 4838 Quid
361 4776 431 4831 est:
451 4768 600 4850 Suscepit
621 4769 729 4833 lornei
744 4787 881 4849 perarma
902 4786 1008 4850 mom,
1035 4786 1143 4833 recor-
1168 4804 1171 4830 t
1195 4765 1278 4831 siae.
2153 4804 2158 4813 ·
2266 4807 2274 4818 -

159 4854 261 4919 acac
281 4852 549 4920 moratae?
591 4851 746 4917 Narrabo
772 4854 872 4920 vobis
900 4852 1020 4919 iocum.
1064 4848 1143 4927 Qui·
1280 4850 1452 4918 Pharisaei
1480 4866 1513 4918 et
1540 4853 1732 4919 Sadducaei
1761 4853 2035 4931 dominabantur,
2068 4846 2181 4938 oppri-

162 4936 240 5003 dam
266 4935 374 5008 voluit
404 4940 577 5026 corrigere
596 4942 635 5004 M
703 4941 790 5019 licet.
844 4934 980 5023 Repetit
1010 4938 1044 5005 in
1077 4937 1144 5005 fine
1195 4941 1329 5004 mebant
1351 4951 1502 5019 sanctos,
1525 4961 1560 5006 ee
1580 4947 1652 5006 seta
1672 4942 1727 5007 aa
1741 4944 1882 5009 beastan
1900 4938 2182 5022 brecanammere

163 5025 262 5091 nnius
284 5020 405 5177 mli
424 5045 544 5108 saper:
565 5024 599 5090 iu
656 5027 758 5090 terius
777 5021 887 5090 11αααα
908 5025 1069 5111 principio
1092 5047 1144 5093 re·
1195 5025 1342 5091 Fuerunt
1364 5038 1549 5092 venenatae
1572 5028 1724 5109 viperae,
1747 5037 1784 5093 ut
1804 5023 1971 5090 lohannes
1994 5045 2055 5090 eos
2077 5026 2180 5091 nomi·

162 5112 261 5194 perit,
276 5113 352 5193 ,boa
405 5132 447 5197 oc
465 5102 524 5179 ille
545 5096 634 5195 dixit
646 5106 865 5179 esseorum
876 5108 1143 5192 Grammaticam,
1166 5092 1171 5176 l
1195 5123 1269 5191 nat,
1303 5117 1352 5178 sie
1384 5112 1487 5205 lobea
1511 5116 1686 5196 prmatsea
1709 5115 1858 5194 aemocbt
1891 5119 1948 5178 mit
1975 5112 2038 5177 dea
2059 5115 2180 5193 Heme

375 5247 521 5288 UEMNTH.
536 5248 617 5288 0l‘Eii.
629 5248 696 5312 ivon.
719 5248 786 5288 XXV.
1107 5275 1111 5283 .
1941 5236 1970 5283 ll
