4620 5588
164 208 230 282 m
801 204 808 235 ·'
843 202 1079 274 {wilm
1104 200 1506 273 tfflbsumotttatts.
2106 202 2183 273 M

155 421 205 472 -eo
225 420 337 468 omaes
353 390 554 486 hypocritae,
571 398 661 485 quod
683 388 854 485 designat:
876 394 952 460 Vos
971 392 1145 461 meiamlci
1168 395 1244 459 trit
1272 391 1429 460 Ecclesia
1448 398 1482 457 tn
1513 393 1602 457 omni
1629 393 1826 457 aeternitate
1846 392 1965 458 vivens
1986 412 2069 463 oum
2092 389 2178 459 Deo·

161 488 274 556 dicitis
298 507 353 553 me
380 505 458 551 esse
484 487 642 551 iniustum
668 484 764 562 ideo,
796 483 885 569 quod
915 485 977 547 sim
1005 483 1039 546 in
1060 478 1145 549 atui-
1170 469 1174 535 ἶ
1198 480 1242 545 Ει
1262 479 1313 544 eie
1334 490 1511 544 exercetur
1532 478 1616 543 fides
1644 478 1861 562 inpetitione
1889 498 2000 544 rerum
2023 498 2182 564 corporu-

163 575 343 653 otionibus,
364 584 398 637 et
414 592 477 638 vus
499 570 816 656 cessionesque
839 569 937 659 vobis
965 571 1051 657 bene
1079 581 1144 647 est,
1187 564 1291 645 lium,
1314 584 1400 653 quae
1421 565 1559 715 repulus
1581 565 1681 628 iidem
1702 563 1951 661 praelucentem
1973 566 2181 648 inpetitione

163 661 227 726 eed
259 678 323 725 vos
355 660 438 725 estis
465 656 660 746 hypocritae
693 658 883 722 nescientes
911 673 992 719 vera
1024 654 1146 720 iudicia
1198 670 1310 717 rerum
1330 652 1448 737 spiritu
1484 654 1562 716 ium
1603 648 1847 715 Universuliter
1873 652 1961 717 enim
1989 672 2106 717 vemrn
2128 662 2182 716 est

155 742 241 813 vet.
317 766 328 777 ’Δ
1184 735 1297 817 illud,
1326 739 1417 825 quod
1444 739 1477 802 ia
1501 736 1729 821 promissione
1754 736 1788 800 ia
1818 736 1885 802 fide
1906 747 2040 821 petente
2061 757 2181 822 eorpo-

254 830 368 896 tensa
388 850 517 896 course.
562 823 726 893 Mirecula
748 838 828 893 eunt
849 821 1003 910 exempla
1024 827 1067 890 de
1089 844 1147 910 ap-
1197 821 1282 889 ralia
1308 835 1461 909 oporteat
1487 819 1684 908 praelucere
1712 822 1811 887 iidem
1841 834 2044 888 statuentem
2065 824 2109 889 de
2128 842 2181 889 re·
2257 859 2259 862 ·

154 913 363 1004 ·plieatione,'
388 917 422 981 id
449 930 519 992 est,
544 915 578 978 ia
604 910 673 995 illis
701 910 869 980 miraculis
896 912 1046 978 videmus
1074 913 1147 975 sine
1172 952 1176 981 ι
1199 912 1262 975 bus
1283 908 1525 995 spiritualibus,
1548 910 1625 994 quia
1644 930 1709 975 cor
1731 929 1797 973 non
1819 921 1932 992 puteat
1949 911 2116 975 accedere
2136 910 2181 976 ad

154 1017 320 1088 respectu
350 1020 570 1086 personarum
597 1018 716 1064 ornnes
743 996 918 1064 credentes
947 999 1059 1082 recipi.
1104 994 1147 1062 Et
1198 996 1306 1062 Deum
1341 997 1414 1062 sine
1443 994 1501 1061 illa
1530 995 1615 1073 fide,
1647 996 1741 1060 iuxta
1761 992 1860 1060 issud:
1894 995 1999 1060 Nemo
2025 996 2113 1060 earu
2134 995 2181 1063 ud

162 1086 219 1156 ltic
241 1091 342 1155 corda
364 1091 524 1172 rccipiunt
547 1086 730 1151 doctrinam
763 1086 805 1151 de
832 1081 1075 1170 applicatione,
1104 1085 1146 1147 de
1196 1092 1325 1167 putrem
1352 1085 1419 1148 nisi
1443 1102 1505 1169 per·
1535 1082 1645 1168 filiorm.
1691 1082 1787 1146 item:
1815 1081 1898 1146 Fide
1925 1101 1991 1165 per
2016 1081 2181 1151 Cirristttttt

163 1196 231 1263 qua
253 1197 355 1260 saepe
378 1176 510 1239 dicitur:
532 1171 637 1237 Filius
657 1171 726 1235 Dei
744 1191 808 1236 noa
830 1179 879 1236 est
900 1178 1054 1254 acceptor
1070 1189 1146 1254 per·
1186 1169 1534 1237 dobernusuccesrtna
1554 1169 1601 1233 ud
1622 1166 1735 1231 Deum.
2097 1248 2101 1255 Ι

163 1281 329 1341 emturum,
352 1262 411 1327 sed
432 1259 567 1325 eramttt
589 1277 695 1323 omnes
717 1258 903 1343 necdentes
925 1258 972 1322 ud
993 1276 1061 1321 earm
1070 1257 1144 1343 fide.
1285 1254 1418 1335 Quarta
1439 1275 1577 1327 caussa,
1602 1253 1846 1337 promissiones
1873 1250 2077 1339 temporales
2103 1264 2181 1321 sunt

162 1344 362 1433 Ubicunque
384 1356 437 1412 est
457 1342 586 1430 relique
608 1279 787 1409 scintillula
810 1328 904 1418 fidet,
937 1340 994 1407 illu
1023 1343 1147 1408 crescit
1199 1355 1326 1407 certum
1348 1343 1582 1418 testimoninm,
1607 1342 1696 1425 qtrod
1713 1337 1808 1405 Deus
1829 1336 1963 1426 aliquos
1986 1352 2105 1405 coetus
2126 1352 2181 1409 te·

164 1434 388 1507 imotetiune,
411 1432 501 1519 quud
525 1431 757 1505 certissimum
774 1442 838 1494 est.
883 1429 941 1494 Sic
962 1429 1059 1493 etiarn
1081 1427 1146 1493 hoc
1197 1424 1236 1492 llt
1258 1448 1472 1507 conservare,
1489 1428 1553 1494 ³ubi
1575 1429 1618 1490 sit
1635 1423 1789 1491 Ecclesia
1812 1438 1888 1509 post
1902 1427 2178 1491 resurrectionem

165 1515 243 1586 loru
268 1520 305 1582 iit
328 1521 359 1581 in
383 1539 499 1593 caeca,
522 1539 551 1581 cr
563 1517 644 1581 escit
666 1516 700 1580 in
722 1522 764 1581 eo
787 1514 872 1579 fides
895 1516 1116 1579 invocatione.
1171 1509 1336 1598 {christu
1359 1512 1513 1580 Ecclesia
1535 1515 1621 1579 enim
1643 1513 1709 1578 iam
1728 1532 1796 1576 non
1813 1511 2181 1581 belrcteertumsedem

252 1603 346 1668 Haec
368 1602 520 1687 exemplu
533 1602 735 1688 significent,
752 1601 891 1686 bound
912 1600 1001 1666 iilius
1017 1600 1081 1666 Dei
1098 1620 1147 1664 re
1170 1609 1176 1631 ¹
1197 1613 1235 1668 ut
1255 1612 1364 1666 antea.
1760 1598 1763 1605 '
1797 1656 1800 1661 .
2001 1606 2007 1617 '
2058 1608 2063 1635 ²

166 1690 267 1776 cipiet
289 1691 363 1754 sine
384 1700 540 1773 respectu
562 1708 781 1772 personarum
811 1705 929 1773 omnes
959 1687 1147 1752 credentes.
1283 1691 1318 1754 ln
1340 1687 1500 1773 principio
1522 1696 1634 1751 textus
1657 1695 1711 1749 est
1731 1681 1912 1771 sbrgularis
1930 1697 1965 1749 et
1979 1685 2203 1770 praecipuus.

153 1774 205 1840 ·ll.
238 1771 320 1841 Vult
352 1776 517 1840 accedere
550 1777 647 1839 etiam
680 1770 790 1838 fidem.
852 1772 903 1838 lii.
935 1770 1018 1839 Vult
1049 1772 1147 1836 iidem
1197 1770 1306 1839 luens.
1362 1773 1518 1839 Christus
1549 1772 1713 1858 praedicit
1747 1791 1786 1835 se
1813 1790 1992 1856 passurum
2019 1790 2117 1848 esse,
2150 1781 2183 1836 et

152 1863 265 1927 etiam
292 1863 442 1927 exerceri
471 1860 700 1938 invocatione,
729 1862 821 1924 iuxta
849 1856 947 1924 illud:
979 1859 1148 1923 laetanter
1197 1860 1332 1946 quidem
1355 1860 1538 1925 meandum
1561 1859 1758 1940 scripturas,
1780 1859 1953 1922 etiterum
1976 1870 2182 1923 resurrectu-

154 1955 266 2013 urute.
311 1947 386 2013 Non
409 1948 622 2024 desistamus,
645 1946 776 2011 etiamsi
808 1943 904 2010 Deus
932 1942 1035 2030 longe
1057 1943 1148 2010 dille·
1197 1966 1283 2025 rum,
1312 1957 1346 2011 et
1373 1941 1529 2031 Apostoli
1562 1944 1758 2029 praemoniti
1781 1940 1977 2027 intelligant
2007 1964 2082 2009 eum
2112 1962 2183 2009 trun

150 2026 232 2108 uuir
253 2031 348 2098 Deus
371 2035 456 2097 enim
477 2028 535 2097 illa
557 2052 648 2097 muru
662 2028 734 2096 vuit
751 2032 900 2095 exerceri
912 2030 1021 2094 iidem.
1051 2030 1148 2095 bium
1185 2050 1300 2111 casu,
1332 2034 1396 2098 sed
1425 2027 1588 2116 singulari
1618 2027 1759 2095 consilio
1788 2042 1823 2094 et
1845 2030 2018 2095 voluntate
2041 2028 2104 2094 Dei
2138 2028 2183 2093 ad

163 2121 296 2203 quidem
319 2117 417 2183 ualde
439 2118 610 2183 excruciat
636 2127 763 2181 mentes
787 2128 820 2180 et
847 2120 1043 2203 praesertim
1072 2136 1148 2180 uum
1198 2120 1389 2203 passionem
1410 2117 1625 2194 ascendisse,
1660 2136 1704 2180 ne
1733 2114 1851 2181 offensi
1878 2112 2041 2181 seandalo
2070 2116 2183 2181 erucis

161 2205 295 2270 euntia
318 2206 469 2282 nriseria,
496 2204 585 2267 sicut
609 2203 826 2287 Tireognides
855 2200 1029 2287 eleganter
1052 2203 1147 2267 dixit:
1199 2206 1389 2290 cogitarunt
1409 2223 1484 2269 eum
1505 2222 1573 2267 non
1603 2221 1682 2267 esse
1708 2199 1827 2269 Deum
1883 2202 1993 2267 metue
2020 2202 2106 2265 enim
2135 2203 2183 2266 lo·

150 2288 336 2374 -dedremr
365 2286 513 2374 μακάριον
542 2279 620 2373 ὧραι
641 2294 731 2371 patui
751 2286 830 2351 dite
861 2296 1015 2353 ποθειναί.
1065 2286 1148 2353 Tar·
1197 2310 1288 2375 paru,
1306 2302 1342 2355 ut
1360 2290 1463 2383 inquit
1483 2286 1728 2368 Salurnon‚.est
1744 2307 1856 2353 eurum
1878 2290 1978 2372 impio
1998 2289 2084 2353 sicut
2112 2289 2182 2355 latu

150 2375 229 2441 aaa
242 2375 384 2441 Deottun
405 2375 508 2440 borae
529 2383 616 2455 sunt,
638 2374 696 2438 sed
716 2372 816 2438 uelde
836 2374 946 2439 dulces
967 2382 999 2439 et
1017 2384 1148 2458 madre.
1199 2378 1417 2460 conspersus
1448 2376 1543 2441 Sicut
1575 2373 1685 2440 David
1715 2373 1833 2458 lapsus
1855 2377 2010 2439 omnibus
2031 2393 2110 2440 esse
2130 2371 2182 2439 lu·

150 2458 223 2527 -Sic
244 2463 343 2527 etiarn
371 2462 490 2525 iamin
518 2461 750 2524 communnione
777 2460 945 2525 aerumnis
973 2457 1148 2540 faciemus,
1199 2462 1306 2528 dibrio
1330 2464 1453 2548 coepit.
1510 2460 1591 2527 ltern
1624 2461 1681 2525 lob
1696 2458 1862 2526 sillictus
1891 2458 1979 2525 male
2011 2460 2106 2525 audit
2136 2460 2182 2523 ab

151 2545 328 2612 ‘debemus
350 2543 533 2634 confugere
555 2547 599 2610 ad
611 2544 788 2611 Dominum
811 2559 846 2611 et
867 2558 994 2630 petere,
1017 2559 1053 2610 ut
1073 2546 1148 2632 ip'se
1198 2549 1326 2615 amieis.
1349 2547 1442 2633 impii
1462 2548 1550 2615 enim
1568 2556 1646 2612 sunt
1668 2548 1800 2625 securi,
1822 2560 1857 2612 et
1881 2549 1968 2612 bene
1989 2563 2104 2613 seeum
2127 2545 2184 2630 egl

149 2644 262 2721 -regat
284 2643 318 2699 et
347 2643 527 2699 conservet
547 2629 753 2708 Ecclesiam
783 2650 853 2697 non
879 2634 965 2698 enim
992 2630 1148 2698 humanis
1198 2635 1407 2714 existiment,
1426 2636 1656 2713 cumeorum
1670 2653 1730 2698 res
1750 2644 1830 2697 sunt
1851 2633 2033 2698 secundae.
2078 2630 2130 2697 lta
2150 2642 2185 2697 et

148 2719 338 2807 praesidiis
358 2719 488 2784 servari
510 2730 632 2802 potest,
657 2720 749 2782 iustu
771 2714 871 2784 illud=
894 2718 983 2796 Sem,
998 2714 1147 2799 Domine,
1180 2718 1242 2786 ‘de
1263 2718 1402 2791 astiteris
1423 2722 1583 2799 indicunt,
1605 2720 1942 2785 afflictiones-eorum
1964 2737 2093 2806 poenas
2105 2737 2185 2783 esse

149 2806 253 2889 -pnod
273 2824 339 2870 oon
367 2813 416 2870 est
436 2805 573 2870 lerninis
593 2807 650 2869 oia
670 2805 750 2868 eius.
794 2802 871 2868 Nou
899 2818 1009 2870 autem
1038 2807 1149 2892 sequi·
1222 2808 1416 2874 eccaturu'tu
1439 2821 1472 2872 et
1493 2809 1592 2893 signa
1612 2808 1683 2872 irae
1704 2808 1847 2871 divinae.
1880 2804 2083 2891 ltaquocum
2099 2804 2184 2889 ipsis

148 2892 343 2978 -tttr,·quod
364 2910 429 2956 nos
447 2888 529 2955 nibil
550 2891 711 2955 debemus
731 2888 858 2970 iacere,
880 2891 941 2955 sed
967 2889 1067 2963 simul
1096 2902 1149 2957 est
1179 2829 1335 2959 -Kuu‘rani
1356 2892 1483 2979 aliquid
1504 2894 1641 2970 eccidit,
1664 2894 1852 2978 desperant.
1898 2891 2026 2957 Gentru
2048 2889 2115 2958 boe
2129 2891 2184 2957 iu·

148 2978 353 3043 mandatum
375 2975 452 3057 Dei,
475 2988 512 3042 ut
556 2976 668 3061 ropn‘a
688 2974 861 3041 faciemus.
903 2976 952 3042 Es
972 2979 1024 3042 sol
1043 2979 1149 3043 eisaie
1199 2981 1321 3046 dicium
1345 2983 1476 3059 ceritis,
1511 2981 1565 3045 eui
1592 2984 1814 3045 succumbunt
1835 2979 1935 3063 impii,
1957 2977 2185 3063 praemonitos

148 3056 228 3129 'der
249 3063 339 3143 tbun,
362 3083 430 3129 eoos
450 3063 515 3128 idm
570 3060 684 3144 tollen
704 3064 759 3147 tsi,
781 3073 816 3127 at
837 3061 999 3129 auxilium
1025 3063 1147 3137 a‚·Deo
1199 3086 1279 3131 esse
1301 3064 1513 3143 sulcitanus
1526 3062 1742 3151 ·dtsetpatos,.
1756 3067 1887 3142 etiamsi
1907 3084 1953 3130 ne
1975 3064 2026 3128 sic
2073 3065 2184 3129 uident
2278 3064 2286 3069 '

148 3160 266 3233 petet,
283 3152 376 3216 iusta
396 3146 495 3215 illud:
515 3147 673 3215 Subditum
694 3157 764 3214 esto
784 3148 870 3230 Deo,
891 3158 924 3214 et
944 3168 1032 3216 urm:
1199 3152 1298 3218 elficii
1320 3154 1673 3240 putuit,·i;qi1u²minus
1694 3154 1729 3217 iu
1762 3153 1835 3217 eius
1858 3152 2018 3237 passione
2039 3169 2061 3213 o
2086 3151 2184 3217 eude-

147 3250 196 3283 m·
254 3238 382 3312 Quarta
404 3254 525 3299 caussa
551 3245 615 3310 est,
644 3246 681 3299 ut
702 3236 849 3300 sciemus
875 3234 985 3303 Deum
1010 3257 1149 3306 consm-
1179 3239 1322 3307 neuton
1371 3238 1513 3306 Tantum
1542 3238 1635 3305 valet
1665 3240 1837 3305 indicium.
1854 3249 1888 3302 et
1916 3242 2038 3302 sensus
2070 3236 2184 3303 caruis

164 3328 316 3384 veteram
338 3314 526 3385 Ecclesium
548 3321 586 3383 ln·
603 3318 668 3384 bec
692 3322 775 3385 vita.
820 3364 828 3383 ·.
940 3352 961 3387 .·
1119 3362 1122 3373 ·
1172 3328 1298 3390 «etiam
1317 3326 1354 3389 ia
1374 3328 1512 3390 sanntis.
1556 3326 1672 3410 ltaque
1695 3342 1774 3411 pars
1796 3336 1897 3409 neget
1921 3323 2056 3389 omniuo
2089 3320 2184 3389 Citri-

249 3403 404 3471 Caussae
436 3417 567 3484 autern,
599 3417 738 3491 propter
766 3424 853 3555 puae
886 3405 986 3503 Deus
1010 3410 1149 3475 ediderit
1171 3387 1178 3531 1
1199 3421 1305 3489 mum,
1382 3431 1418 3476 rs
1441 3412 1565 3477 deserit
1594 3423 1630 3476 et
1656 3411 1762 3498 sugit,
1790 3406 1845 3475 elii
1868 3406 1957 3475 male
1979 3409 2021 3475 de
2043 3430 2085 3476 eu
2108 3428 2184 3475 seu·

144 3516 164 3537 ··
231 3492 420 3557 missionem
445 3493 607 3557 bonorum
630 3510 772 3577 corpora
789 3493 873 3571 ium,
894 3504 973 3559 sunt
988 3504 1147 3579 --auetuna
1199 3497 1295 3562 tiunt.
1371 3517 1415 3562 oc
1436 3498 1806 3575 bene-consideremus
1829 3506 1863 3562 et
1884 3498 2030 3563 sciamus
2047 3497 2083 3562 iu
2104 3515 2181 3561 suu·

146 3508 299 3665 nmmo,
320 3588 357 3643 ut
385 3579 531 3643 sciamus
558 3598 615 3642 res
636 3574 713 3643 illas
733 3598 800 3642 non
831 3598 915 3644 casu
944 3581 1061 3661 obiici,
1088 3594 1150 3649 aut
1200 3583 1264 3648 etis
1286 3601 1369 3649 esse
1388 3581 1493 3649 multa
1514 3603 1636 3670 megae
1658 3596 1798 3670 peccata
1820 3584 2043 3670 ignorantiae,
2065 3593 2100 3648 et
2117 3582 2185 3647 siu·

163 3664 237 3814 ¹¹appi
259 3664 444 3813 temtpritute
465 3664 577 3814 appdvi
594 3662 755 3769 bumana,
781 3666 843 3730 sed
865 3665 1017 3770 distribui
1039 3669 1149 3734 cousi·
1199 3668 1271 3755 guli
1294 3669 1480 3774 cogitemus
1502 3689 1567 3734 nos
1588 3669 1715 3735 bebere
1743 3669 1842 3735 etiam
1867 3665 1947 3735 talia
1974 3667 2185 3771 multanpec·

142 3760 516 3927 subibitis
533 3751 893 3922 fedissimis?
911 3751 1149 3924 ditd'tib
1197 3766 1399 3922 bibiti}
1418 3750 2184 3932 italibtimbiizibitniil

162 3923 320 3995 mundet,
352 3935 390 3988 ut
418 3923 483 4007 ipsi
510 3923 663 3988 obediam
691 3923 725 3987 ia
753 3920 818 3989 bac
841 3943 916 3989 meo
934 3935 1147 4031 paupertate,
1196 3936 1276 3996 rusti
1292 3938 1358 3997 ete·

162 4006 250 4072 sletrt
271 4004 398 4074 Paulus
418 4010 478 4074 eitr
499 4006 725 4103 Hmiliumtiri
738 4009 797 4075 sub
814 4017 941 4095 potente
961 4030 1059 4078 matut
1073 4014 1146 4080 Dei.

165 4088 265 4159 item:
298 4094 410 4161 Dante
438 4103 472 4159 te
496 4114 603 4161 eseam
631 4096 790 4182 oollipum
833 4094 913 4162 Vita
938 4109 992 4163 est
1019 4098 1146 4165 benefi-

162 4180 269 4332 ms
284 4179 363 4262 Dei,
395 4182 470 4268 ipse
501 4178 683 4249 foecundat
715 4193 857 4262 waram,
890 4203 958 4271 qua
988 4182 1034 4251 aii
1065 4206 1146 4273 por.
1599 4150 1780 4229 Quatsstlot

250 4350 402 4419 &eada
422 4372 543 4421 muare
563 4366 628 4432 est,
649 4355 728 4442 quia
744 4353 817 4421 vult
838 4356 986 4428 exerceri
1008 4358 1041 4422 tn
1063 4359 1146 4443 μιῇ.
1374 4297 1446 4379 An
1475 4294 1653 4381 3⁰⁰¹&ss
1682 4295 1811 4409 {³0⁸⁸st
1841 4298 2001 4382 errare?

162 4434 255 4503 done
276 4440 438 4505 bonomm
456 4439 691 4526 corporalium.
735 4440 831 4508 Deus
852 4460 917 4509 uos
938 4458 1058 4529 posset
1075 4465 1145 4511 ser·
1282 4476 1355 4547 pe,
1399 4480 1488 4547 „590
1541 4476 1603 4548 pt

163 4540 247 4589 vere
268 4535 303 4589 et
322 4522 415 4592 alere
436 4527 511 4593 sine
531 4528 609 4594 cibo
638 4537 673 4592 et
693 4538 793 4612 potu,
821 4529 909 4595 sicat
934 4529 1078 4618 angelos
1109 4546 1146 4599 et
1354 4498 1429 4587 ⁹⁰·
1488 4524 1499 4546 ’
1556 4580 1560 4587 -

163 4605 301 4689 stelles,
333 4613 395 4677 sed
427 4632 495 4679 non
524 4610 617 4678 iacit.
663 4615 880 4680 invocatione
912 4617 1000 4681 enim
1032 4636 1145 4686 rerum

154 4692 387 4783 corporalium
417 4697 489 4766 vult
515 4699 666 4764 exerceri
692 4699 814 4780 iidem,
842 4701 933 4768 iuxta
961 4699 1061 4769 titum
1091 4704 1144 4770 In·
1620 4684 1757 4755 ⁰⁰⁰²?ss

160 4784 972 4873 wmnotndbtrtbelotioametcrtprbnm
1021 4789 1144 4858 Videte
1367 4826 2182 4899 nauatamdoniab'uneteolmueritotirt

160 4864 376 5021 ‘mibi
388 4872 1143 5048 bibimsttbbiff'i‘eitiiinm
1367 4912 1458 5001 &⁹⁰
1478 4931 1544 4980 ¹⁸⁰·
1564 4920 1672 5001 vm
1691 4931 1817 4980 ‘m
1894 4920 1897 4925 ’

140 5054 226 5105 ¹see
247 5038 451 5127 temporales
476 5050 557 5110 eunt
587 5039 929 5113 commonefietiouee
960 5050 1004 5119 da
1035 5061 1142 5116 aeter·
1280 5048 1497 5119 Αιιιοοοιιωι
1518 5067 1572 5119 est
1592 5070 1729 5129 verume
1749 5048 1845 5119 om
1866 5051 1954 5123 euim
1976 5054 2023 5121 ita
2032 5052 2181 5121 condidit

159 5124 229 5207 uis,
249 5126 329 5213 quta
342 5128 772 5295 ffidppltprvoprppper
800 5130 920 5214 iillum,
952 5146 986 5202 et
1008 5136 1085 5203 ideo
1104 5146 1142 5203 ιι
1193 5154 1303 5225 genus
1323 5137 1516 5223 bammum,
1538 5150 1578 5206 ιιι
1596 5137 1631 5205 iu
1649 5157 1692 5204 eo
1712 5134 1912 5311 Ιιιοιιιὲιι
1931 5141 2067 5220 nubtis,
2092 5151 2128 5209 et
2142 5140 2180 5213 ,et
