4620 5588
149 178 223 251 sss
791 171 905 241 seu.
926 171 1032 240 uss.
1054 168 1243 239 semera
1263 165 1529 236 exscertus
1631 208 1672 241 ,-
2103 126 2177 234 sst‘
2259 245 2262 248 ,

152 375 397 481 Quorsum
426 387 561 486 partes
592 370 863 455 conversionis
900 369 967 451 vel
996 367 1139 482 poeni·
1190 459 1225 513 a
1245 358 1355 512 fam
1366 357 1966 528 ῑθξῖῑῐὲυἶῑιῗέξξῗὲπΕΐυέυὲῧέῗξο
1976 357 2171 594 mpii}

303 530 475 634 tentiae,
500 541 547 611 uli
576 528 723 611 usitate
753 522 988 637 loquimur?
1190 531 1324 600 luerunt
1347 531 1491 596 Etlrnici:
1520 532 1652 616 quidam
1679 542 1788 595 tamen
1818 534 1916 596 etiam
1939 532 2061 596 ludaei.
2140 531 2155 635 ι’

1190 619 1291 686 ludeo
1311 618 1433 684 tatem
1453 617 1538 682 auct
1556 620 1722 702 patara,
1755 630 1792 682 ut
1818 618 2017 696 Zachaeus,
2050 629 2084 683 et
2115 615 2171 680 hre

243 713 345 780 Tres:
366 713 540 796 contritio,
563 711 676 791 Fides,
698 721 732 775 et
747 709 844 775 Nova
865 667 1063 773 obedientia.
1090 705 1141 770 lta
1191 705 1406 797 Matthaeus,
1438 706 1515 791 quia
1544 707 1697 770 viderunt
1728 724 1807 770 esse
1839 719 2038 791 quaesturas
2072 701 2170 809 utilas

153 801 299 868 docendi
321 821 443 867 caussa
464 797 644 885 loquimur:
690 796 727 864 Si
754 799 828 883 quis
851 793 923 862 vult
944 795 1052 882 magis
1074 794 1141 858 dis·
1191 792 1444 881 quaestoribus:
1467 793 1541 856 ideo
1563 789 1639 857 illas
1662 794 1884 877 appetebant,
1918 793 1974 879 qul
2004 803 2100 859 eram
2123 811 2168 855 tn·

154 901 251 954 certe
273 886 376 974 loqui,
400 899 512 972 potest
533 887 669 963 lacere,
704 897 814 949 tamen
846 885 879 947 in
900 878 1055 945 Ecclesia
1082 898 1139 944 nc·
1192 881 1321 945 dustrii.
1366 877 1556 943 Matthaeus
1577 879 1675 942 sedet
1690 881 1735 943 ad
1759 875 2171 958 teloniunr,etiuitsoriba

156 995 256 1041 cesse
278 987 330 1038 cst
361 971 491 1060 aliquos
525 975 644 1037 modos
678 970 838 1057 loquendi
870 972 1030 1035 retinerer
1062 968 1140 1052 quia
1214 964 1368 1032 ablicani.
1415 965 1553 1050 Videtis,
1573 967 1743 1051 qucasodo
1765 964 1932 1052 publicani
1961 969 1994 1031 in
2017 966 2170 1050 Euange-

156 1063 302 1129 varietas
325 1073 377 1125 est
395 1061 628 1145 impedimento
650 1060 683 1122 in
712 1059 866 1122 omnibus
887 1057 1015 1120 artibus
1036 1054 1140 1118 iunio·
1206 1056 1212 1070 '
1259 1054 1501 1119 describantur.
1545 1051 1588 1117 lit
1610 1065 1776 1119 testantur
1798 1052 1968 1124 historiae,
1990 1054 2079 1140 quod
2100 1053 2172 1119 tos

156 1150 274 1225 ribus,
306 1149 558 1224 incipientibus,
587 1146 786 1210 rudioribus
833 1142 945 1225 Saepe
975 1143 1018 1205 ita
1047 1142 1140 1205 dieo:
1190 1141 1256 1204 rint
1278 1137 1377 1206 valde
1399 1159 1521 1225 graves
1543 1138 1812 1224 provincialibus.
1858 1138 1915 1205 ste
1935 1142 2011 1206 sind
2030 1140 2172 1204 acates

156 1235 281 1302 utinam
303 1227 481 1320 possemus
504 1234 646 1297 eandam
667 1232 852 1296 doctrinam
864 1229 980 1293 iisdem
998 1224 1139 1313 syllabis
1157 1266 1160 1270 »
1187 1229 1323 1313 periape
1341 1229 1407 1292 leret
1426 1228 1961 1311 peeesea,scienaserezoilaeraa
1982 1229 2045 1292 dea
2065 1235 2197 1311 sums,
2228 1248 2231 1258 ·

157 1340 276 1386 omnes
298 1332 428 1386 sonate.
472 1319 604 1385 Doctor
626 1317 748 1382 lliaron
776 1337 848 1381 ntus
871 1334 974 1400 saepe
996 1315 1140 1392 dicebat,
1189 1334 1256 1379 aaa
1300 1311 1472 1379 Publicani
1499 1326 1595 1378 erant
1628 1312 1779 1379 homines
1812 1312 2086 1399 locupletissimi,
2113 1314 2172 1401 q'ui

156 1428 197 1474 se
219 1408 369 1478 credere,
387 1409 534 1472 mutatae
556 1405 728 1472 doctrinae
788 1401 913 1468 clesiae
927 1401 1139 1488 praecipuam
1190 1398 1358 1466 habebant
1376 1399 1528 1466 Botriana
1550 1399 1726 1486 vectigalia
1755 1402 1940 1480 condocta,
1974 1413 2007 1465 et
2039 1403 2171 1486 provin·

154 1515 314 1561 caussam
337 1491 453 1576 luisse,
476 1493 566 1579 quod
588 1492 751 1578 piguisset
773 1490 944 1555 auditores
972 1500 1006 1552 ct
1027 1489 1140 1553 docto·
1190 1490 1273 1566 cias,
1296 1500 1329 1553 et
1350 1489 1475 1553 dabant
1495 1488 1688 1572 parisiacam
1708 1501 1848 1565 cartam,
1872 1500 1906 1552 at
1927 1488 2090 1554 interdum
2113 1486 2171 1552 Sa

156 1592 214 1647 res
237 1582 355 1646 eadem
376 1591 529 1665 repetere
551 1591 586 1643 et
607 1579 734 1644 audire.
779 1575 910 1641 Usitata
931 1574 1059 1654 audire,
1081 1594 1140 1659 pa-
1192 1586 1291 1638 natus
1314 1577 1446 1639 nimium
1468 1576 1630 1639 onerabat
1654 1574 1878 1659 publicanus:
1911 1573 2078 1640 laterdum
2105 1575 2171 1659 ipsi

153 1668 201 1734 ait
221 1664 391 1732 tacitarum
414 1668 447 1731 in
468 1667 587 1731 arrimis
609 1664 794 1731 hominums
814 1664 903 1727 sicut
933 1663 1052 1740 scitis,
1085 1679 1141 1746 ge·
1193 1661 1316 1725 dabant
1338 1662 1552 1727 occasionem
1576 1661 1706 1726 dandae
1728 1664 1860 1727 maioris
1885 1664 2070 1746 pensionis,
2100 1665 2170 1727 suis

155 1773 221 1819 aas
244 1753 422 1820 humanum
444 1772 524 1818 esse
544 1750 639 1838 apso
676 1776 765 1815 snas
781 1749 964 1836 φιλόκαινον.
998 1746 1141 1821 Quaado
1193 1744 1436 1812 licitationibus.
1482 1747 1560 1811 ldeo
1584 1747 1703 1811 deinde
1725 1762 1819 1813 erant
1842 1751 2015 1835 graviores
2037 1749 2171 1834 provin·

153 1842 276 1906 uinus
297 1837 418 1926 aliquis
439 1842 543 1918 verrit,
565 1853 597 1906 et
619 1776 716 1905 ahhrt
736 1835 860 1924 aliquid
882 1836 975 1916 novi,
995 1855 1035 1901 so
1054 1833 1142 1919 pafft
1193 1832 1351 1900 cialibus:
1370 1834 1545 1912 interdum,
1567 1835 1622 1920 qui
1647 1832 1804 1899 volebant
1825 1856 1904 1901 esse
1925 1839 2060 1921 gratiosi
2083 1838 2173 1920 apud

155 1945 236 1996 utun
256 1927 406 2007 dorauff.
450 1926 610 1992 Homines
628 1927 759 1992 attoniti
780 1925 937 2002 audiunt,
966 1934 1000 1987 et
1022 1923 1141 1986 mirsa-
1193 1919 1403 2005 publicanos,
1424 1918 1577 1985 lavarunt
1598 1938 1660 1984 ecs
1689 1924 1856 1988 oneribus.
1901 1922 2025 1989 Glcero
2045 1904 2173 2012 »gioria-
2255 1956 2258 1965 ·

155 2023 213 2080 tur
234 2034 321 2080 enm.
366 2011 458 2078 Talis
478 2026 529 2079 est
551 2026 673 2078 natura
694 2009 881 2089 hominum,
910 2006 987 2074 talis
1008 2009 1141 2074 vanitas
1194 2020 1259 2086 tur,
1280 2008 1370 2094 quod
1392 2005 1515 2075 habeat
1535 2008 1598 2072 sibi
1616 2008 1768 2074 addictos
1791 2009 2007 2098 publicanos3
2032 2014 2107 2111 quia
2124 2011 2172 2077 ie·

156 2097 215 2167 tel
236 2099 375 2171 levitas,
403 2111 462 2166 aut
486 2098 635 2165 futilitas
679 2098 760 2164 lde'o
788 2097 912 2163 Graeci
935 2094 1086 2182 ἁψίκοροι
1107 2107 1141 2158 et
1192 2094 1240 2158 cit
1261 2095 1508 2159 aestimationes
1531 2116 1598 2159 non
1621 2096 1726 2160 nimis·
1751 2098 1875 2178 duras,
1908 2100 1969 2163 sed
2001 2097 2172 2184 aliquanto

157 2187 333 2272 petiam
353 2187 466 2252 dicuat
487 2188 622 2252 insitum
642 2205 722 2252 essa
743 2185 861 2250 animis
890 2185 925 2248 in
946 2184 1013 2247 ista
1039 2183 1141 2246 imite·
1192 2183 1380 2267 aequiores.
1423 2178 1491 2245 Die
1507 2179 1685 2268 Vcaediper
1694 2182 1821 2251 balteus
1835 2185 1917 2250 aoclt
1933 2180 2016 2263 also,
2039 2186 2174 2337 spuendo

157 2271 319 2352 cillitate,
351 2274 385 2338 in
414 2275 483 2338 ista
514 2294 613 2339 cortu
706 2284 837 2337 natura.
888 2269 952 2335 Est
973 2271 1007 2333 ln
1029 2265 1141 2333 multis
1193 2268 1273 2333 dent
1294 2269 1512 2354 provinciam,
1536 2266 1590 2333 vel
1619 2270 1861 2354 praefecturam
1895 2270 2014 2351 alicui,
2062 2273 2174 2337 sciunt

157 2357 304 2426 Graecis
321 2361 556 2444 scriptoribus.
600 2283 673 2426 gell
689 2378 850 2443 expresse
870 2369 926 2422 est
947 2353 1155 2422 inLuciauc·
1192 2356 1466 2423 aestimationem.
1509 2354 1559 2419 Tu
1589 2357 1685 2422 dabis
1711 2357 1821 2424 5111100
1842 2358 2048 2426 Ducatorum
2076 2374 2173 2423 sanas

157 2451 231 2532 aspi
250 2447 410 2531 Διαβολῆς.
455 2445 609 2525 Videtis,
641 2446 723 2532 quid
752 2443 811 2510 fiat
836 2445 871 2509 in
892 2443 1067 2523 amicitiis,
1097 2441 1142 2508 dc
1192 2443 1241 2508 tui
1254 2441 1388 2510 Venero
1410 2445 1452 2509 dc
1472 2439 1684 2528 praefectura
1696 2446 1874 2513 Pamvinas
1895 2448 1984 2537 quod
2007 2457 2173 2535 superest,

158 2534 282 2619 quihus
304 2546 357 2599 est
378 2535 502 2598 dictum
524 2530 673 2598 Thaletis
694 2528 794 2599 valde
822 2533 961 2598 bonum:
1004 2529 1143 2595 Dulcitts
1194 2528 1260 2595 hcc
1283 2531 1345 2595 erit
1367 2544 1472 2596 tuum:
1496 2531 1557 2596 sed
1579 2532 1666 2611 vide,
1689 2553 1733 2598 ne
1759 2536 1896 2600 nimium·
1923 2540 2175 2624 oneres'poput

157 2626 208 2685 at
224 2618 342 2701 tacere
363 2621 497 2686 ornicum
501 2664 516 2698 ‚
536 2639 633 2704 paam
663 2620 824 2684 retinere.-
853 2620 922 2685 arrd
953 2620 998 2684 ist
1028 2619 1144 2704 patries
1194 2615 1275 2697 lum,
1295 2638 1339 2683 ne
1358 2619 1530 2683 accuseris
1551 2618 1585 2684 in
1607 2619 1746 2685 iudiciot
1768 2633 1806 2688 ut
1827 2621 1953 2688 Romae
1978 2622 2175 2704 erantiudl'·

158 2707 247 2772 also:
270 2706 358 2773 Most
377 2708 463 2772 m'rd
484 2699 575 2771 aines
592 2707 706 2792 mapa
726 2707 811 2771 nard.
855 2705 952 2772 Nova
974 2703 1143 2772 delectant
1195 2705 1247 2769 cia
1279 2704 1454 2790 peculatus
1487 2717 1521 2770 ct
1556 2708 1825 2792 repetundarum.
1887 2709 1988 2774 Weaa
2010 2712 2100 2776 em
2120 2711 2176 2778 att
2273 2722 2275 2726 “

157 2789 328 2859 hominess
349 2791 405 2858 alii
427 2806 506 2859 sunt
527 2791 771 2858 fastidiosioras
792 2794 922 2879 magis,
944 2789 1000 2857 alii
1022 2795 1142 2857 atinus.
1194 2793 1260 2856 aas
1280 2792 1457 2858 mesces
1478 2791 1579 2870 tacte,
1595 2796 1678 2860 oder
1699 2815 1741 2860 ex
1762 2797 1902 2882 pecunia
1920 2794 2053 2882 publica
2074 2804 2176 2866 erare

244 2878 429 2946 Videamus
451 2880 516 2946 iam
537 2880 675 2965 primam
697 2892 826 2964 partem
859 2880 902 2945 de
931 2880 1140 2944 contritione.
1194 2879 1387 2943 accendet:
1409 2880 1511 2945 credo
1541 2876 1747 2969 plerumque·
1762 2884 1826 2948 ista
1854 2886 2033 2950 coniuncta
2052 2881 2174 2950 suisset

158 2961 207 3030 lbi
230 2968 428 3045 cogitemus,
463 2968 515 3032 uis
537 2967 582 3031 sit
603 2962 877 3032 illehlatthaeuss
898 2977 1077 3032 astantem
1100 2984 1142 3029 ex
1195 2965 1285 3050 quia,
1307 2967 1363 3051 qui
1384 2986 1453 3031 nou
1473 2967 1582 3053 parcit
1603 2970 1752 3056 privatis,
1773 2971 1871 3036 etiam
1893 2992 1961 3038 non
1979 2967 2176 3060 parcitllel·

158 3051 249 3116 tribu
271 3040 364 3117 lavi.
407 2986 777 3118 chotumumramm
799 3048 872 3132 suit,
895 3054 1029 3119 esseio
1052 3051 1144 3116 mini·
1195 3049 1364 3137 publicae.
1729 3072 1732 3083 ·
2166 3098 2169 3105 -

159 3137 264 3203 sterio
287 3139 440 3204 docendi
486 3137 547 3205 llla
567 3149 659 3204 totus
682 3141 783 3218 ordo,
811 3135 871 3203 illa
900 3141 1024 3217 tribus,
1056 3156 1142 3224 quae
1282 3137 1466 3205 Proverbia
1486 3135 1681 3229 plerumque
1701 3141 1883 3230 loquuntur
1904 3144 1946 3211 de
1967 3141 2092 3226 multis,
2105 3140 2176 3212 rtorl

158 3224 519 3305 nominaturLecitr'oa,
541 3226 676 3312 proprie
698 3222 759 3291 suit
776 3226 929 3291 ordinata
946 3226 989 3292 ad
1005 3243 1142 3291 consm-
1195 3240 1330 3310 sernpsr
1351 3226 1393 3292 de
1414 3228 1584 3303 omnibust
1603 3242 1640 3295 ut
1661 3251 1736 3296 cum
1760 3232 1895 3301 dicitur:
1922 3230 2083 3298 Germoai
2099 3230 2176 3313 stati

158 3311 326 3377 rationem
349 3323 383 3376 et
404 3313 679 3397 propagationem
702 3313 887 3378 doctrinae:
917 3312 950 3377 id
973 3324 1044 3394 est,
1070 3311 1143 3378 sue·
1195 3312 1332 3377 sanast:
1353 3333 1421 3378 nou
1443 3314 1563 3380 dicitur
1584 3317 1626 3383 de
1648 3319 1817 3394 carnibus,
1839 3318 1899 3384 sed
1916 3319 2040 3386 multis.
2084 3323 2177 3401 {tenti

159 3408 236 3462 runt
258 3410 315 3462 aut
337 3400 534 3465 sacerdotes
558 3409 615 3463 aut
629 3399 843 3465 sacerdotnm
865 3399 1043 3464 ministeris
1066 3401 1143 3486 quia
1195 3397 1357 3466 Mulieres
1380 3407 1455 3466 aaut
1480 3406 1664 3488 patruae:
1694 3406 1761 3471 imo
1793 3403 1925 3494 aliquae
1957 3418 2035 3475 sant
2066 3408 2176 3495 magis

158 3503 228 3550 non
250 3504 367 3549 ornnes
389 3485 523 3552 fuerunt
544 3486 761 3564 sacerdotes,
789 3486 857 3550 'sed
884 3484 987 3572 aliqui
1011 3483 1144 3553 schola·
1195 3487 1403 3568 taciturnae,
1434 3510 1535 3576 quam
1567 3490 1660 3558 multi
1691 3494 1766 3560 viri.
1820 3492 1869 3560 lta
1894 3513 2010 3562 verum
2031 3506 2097 3577 est,
2118 3490 2177 3583 qul

159 3571 247 3649 stici,
269 3571 446 3651 docentes,
468 3572 649 3639 discentes.
692 3569 747 3657 llli
771 3568 905 3639 sucmnt
933 3570 1036 3653 tales,
1065 3595 1144 3659 qua·
1195 3584 1342 3641 nectant
1362 3596 1518 3664 magnam
1540 3581 1727 3664 pecuniam,
1749 3581 1848 3666 pauci
1879 3580 2023 3648 fideliter
2055 3603 2076 3647 a
2104 3592 2176 3648 out:

159 3652 211 3722 les
235 3677 298 3722 nos
321 3679 449 3737 sumus,
472 3671 530 3725 aut
556 3679 635 3726 esse
668 3660 851 3738 debemus,
883 3670 918 3724 et
950 3680 1019 3724 non
1051 3657 1144 3727 licuit
1196 3657 1391 3749 plerumque
1412 3664 1459 3728 ita
1480 3663 1529 3746 lit,
1550 3668 1607 3731 ubi
1629 3667 1765 3734 occasio
1790 3677 1841 3732 est
1863 3672 2011 3753 peccati,
2044 3671 2090 3735 ibt
2106 3672 2178 3735 oc⁴

159 3745 314 3811 omnibus
334 3745 541 3811 sacrificare.
584 3742 682 3810 lllultl
709 3758 807 3812 erant
835 3746 977 3811 ordinati
1010 3746 1053 3810 ad
1086 3748 1145 3813 do·
1196 3749 1290 3813 casio
1312 3745 1518 3821 facltsurem.
1550 3752 1612 3817 Est
1633 3755 1802 3840 antiquum
1819 3758 2047 3841 proverbium:
2076 3754 2179 3823 Wettt't

160 3830 314 3909 cendum,
329 3832 587 3910 etdiscendum,
602 3830 658 3897 alii
673 3833 707 3898 iu
724 3829 799 3897 aliis
816 3831 913 3898 locis.
937 3832 1013 3897 Non
1033 3845 1143 3900 autem
1194 3835 1248 3927 pits
1269 3834 1361 3900 Herr
1380 3855 1420 3902 so
1436 3833 1516 3919 saal
1534 3841 1590 3918 ist,
1608 3841 1676 3905 aad
1696 3843 1792 3906 lasset
1812 3844 1882 3907 seia
1899 3845 2015 3928 peith·
2051 3862 2102 3922 en,
2120 3860 2178 3933 με

158 3914 416 3983 sacrificabatur
436 3920 471 3984 in
492 3916 637 4007 singulis
658 3915 759 3984 locist
792 3919 869 4005 quia
900 3938 1063 4002 expresse
1095 3920 1143 3984 di·
1195 3920 1319 3986 schicltt
1340 3922 1406 3987 ibm
1426 3927 1478 3988 aa
1498 3924 1654 4005 alodem
1671 3946 1709 3993 so
1729 3927 1793 3995 hab
1814 3947 1886 3995 m:
1908 3931 1986 4016 quia
2007 3953 2025 3995 a
2042 3930 2122 4025 iqui,
2144 3936 2178 3996 et

159 4013 248 4069 ctum
270 4013 338 4069 est:
376 4003 514 4070 Tantam
540 4009 576 4071 tit
601 4024 666 4071 rtao
693 4007 767 4071 loco
786 4004 1008 4092 sacrificabis3
1021 4003 1143 4072 'videli-
1195 4009 1225 4071 si
1246 4020 1325 4073 sunt
1344 4010 1452 4097 pragi,
1473 4021 1584 4076 tamen
1605 4013 1768 4081 interdum
1789 4013 1947 4082 labuntur
1990 4029 2024 4082 et
2053 4015 2176 4083 oblatis

159 4090 279 4154 estad
302 4090 575 4171 tabernaculum,
601 4104 636 4158 et
660 4094 843 4178 posteaad
865 4091 1041 4178 templum3
1064 4094 1142 4181 quia
1195 4095 1432 4162 occasionibus
1464 4093 1597 4164 facilius
1630 4112 1782 4185 peccant.
1831 4101 1953 4169 Diescr
1980 4102 2075 4169 Levat
2101 4100 2179 4170 sitit

158 4173 317 4260 templum
329 4190 448 4262 postea
466 4180 633 4244 conditum
652 4191 705 4244 est
721 4202 784 4265 pro
801 4177 1032 4259 tabernaculo,
1050 4201 1141 4246 uran-
1195 4182 1253 4260 da,
1276 4200 1313 4248 er
1334 4185 1387 4248 sol
1406 4202 1483 4269 sepa
1504 4185 1557 4249 ein
1577 4183 1815 4266 scholasticus,
1836 4190 1887 4254 eia
1910 4191 2038 4270 doctor,
2059 4188 2177 4272 audies-¹

159 4262 237 4327 dato
259 4263 383 4327 divino.
427 4262 463 4329 ld
487 4265 581 4331 Deus
603 4264 970 4345 ruandavitSalomoni;
992 4288 1061 4332 non
1082 4287 1141 4332 vo·
1193 4270 1376 4335 aeterdeta
1390 4269 1583 4354 publicano,
1598 4275 1660 4340 der
1670 4274 2092 4363 dieLeuteschiadetsqnia
2109 4274 2177 4344 rari

157 4343 229 4427 luit,
252 4360 290 4413 ut
311 4352 471 4417 conderet
491 4351 626 4430 David,
659 4353 721 4418 sed
753 4350 859 4419 voluit
893 4363 959 4420 suo'
984 4355 1141 4419 mandato
1194 4368 1330 4422 manent
1350 4359 1563 4424 intramatas.
1597 4359 1765 4428 lohannes
1781 4380 1849 4428 non
1866 4365 2001 4429 damnat
2017 4359 2178 4453 cilicium,

158 4434 270 4514 condi,
294 4448 328 4500 et
350 4435 432 4501 nihil
460 4440 577 4504 mutari
610 4436 665 4504 vel
697 4440 816 4504 novari
848 4440 881 4504 ia
913 4439 1039 4526 populo
1063 4439 1141 4519 ost,
1194 4444 1256 4507 sed
1278 4443 1374 4509 dicits
1394 4462 1459 4509 ttott
1482 4441 1621 4532 accipite
1646 4450 1739 4516 ultra
1766 4443 1861 4535 paam
1888 4450 2093 4516 constituissit
2115 4456 2177 4533 est,
2245 4472 2248 4481 ·

157 4522 191 4586 ia
214 4518 370 4588 Ecclesia
396 4523 469 4589 sine
497 4543 561 4591 suo
591 4524 756 4592 mandato.
800 4525 876 4593 Fuit
904 4525 1047 4613 pulchra
1073 4522 1163 4606 lea,⁸
1195 4527 1291 4594 bleibt
1307 4532 1342 4594 ia
1362 4530 1424 4596 der
1440 4551 1555 4598 masse
1598 4537 1748 4621 imperia,
1766 4552 1855 4600 aena
1876 4539 1924 4603 sie
1945 4536 2075 4624 stepen
2101 4536 2176 4604 acl·

126 4603 304 4675 -faciebat
325 4611 366 4675 ad
391 4610 596 4678 retinendum
620 4632 839 4693 consensum,
866 4625 899 4679 et
928 4611 1141 4680 conformita·
1193 4617 1256 4695 lea,
1279 4620 1408 4683 manca
1428 4618 1477 4683 sie
1494 4622 1563 4705 pett
1591 4620 1714 4702 habea,
1742 4623 1812 4687 rard
1829 4626 1946 4708 perdat
1976 4644 2063 4712 sepit.
2107 4622 2177 4690 De·

156 4703 234 4775 um,
255 4715 297 4762 ac
317 4696 474 4776 unitatem
497 4698 681 4764 doctrinas.
725 4699 800 4765 Fuit
831 4720 897 4765 una
924 4702 1026 4768 sedes
1053 4701 1141 4767 ordi·
1193 4701 1407 4772 mosthetres:
1429 4705 1488 4769 Ast
1505 4707 1678 4794 pppptisas,
1700 4712 1752 4772 nai
1775 4704 1846 4773 ἄνευ
1862 4710 1980 4791 τόνων,
2002 4710 2085 4777 οὐδέν
2110 4710 2177 4779 tari

156 4781 252 4846 ueris
271 4783 306 4847 in
329 4781 478 4869 populo,
511 4785 568 4850 ubl
594 4783 876 4864 sacrificabatur,
907 4788 971 4852 sed
1002 4784 1141 4854 levitae
1192 4795 1336 4872 γενέσθαι
1355 4793 1417 4857 sair
1438 4790 1574 4859 διόπων.
1616 4794 2176 4899 1ιιιιι,Ροοιιιιὶιινοοιιιιιιιιιινιιιι1

156 4868 283 4972 possim
304 4869 501 4937 habitabant
523 4872 556 4936 in
580 4882 654 4945 tota
681 4873 843 4960 regiona,
872 4886 906 4940 et
937 4875 972 4940 in
1005 4874 1139 4955 ledaea,
1193 4873 1371 4959 bellorum,
1391 4898 1413 4944 a
1435 4876 1599 4949 Cicerone
1613 4891 1648 4947 et
1668 4876 1907 4951 Demosthene.

155 4963 192 5018 et
209 4948 287 5018 elus
310 4956 462 5023 tribdbus
485 4959 664 5039 docebunt,
685 4972 720 5024 et
741 4961 845 5026 certis
866 4963 1073 5047 turrporlbus
1094 4960 1139 5028 atl

156 5039 336 5122 ucrilicia,
356 5044 402 5108 ad
423 5042 579 5131 publicas
601 5060 789 5112 corruptus
808 5049 1140 5130 convenissemus
2071 5033 2091 5129 ᾗ
2111 5032 2176 5145 ᾗϊ

79 5190 84 5199 .
156 5125 420 5210 tabernacrdum,
440 5142 475 5197 et
496 5141 617 5218 postas
634 5131 681 5200 ed
695 5129 867 5220 templum.
1235 5154 1240 5163 ’
1551 5152 1579 5169 ··
2111 5156 2115 5163 ·
2158 5138 2177 5197 ι’
