4620 5588
178 192 245 329 239
859 260 1075 330 posinna
1107 260 1507 330 aiebantflouterte.
1620 332 1625 337 ,
2123 261 2190 330 230

176 450 232 531 iit,
254 463 290 518 ut
311 448 490 516 anathema
512 452 642 517 dicatur
663 447 730 516 tale
752 447 888 537 aliquid,
910 452 1001 538 qumi
1022 463 1075 517 ast
1096 448 1159 516 tol·
1209 449 1265 518 lus
1287 454 1404 538 inquit:
1432 453 1608 514 seruam
1629 451 1785 525 Dourion,
1812 473 1875 513 uon
1896 452 2019 525 littera,
2047 452 2105 514 scol
2125 454 2189 535 spi·

175 532 320 603 leudam.
365 536 524 618 Κᾶθαρμα
546 535 714 624 significat
736 541 1072 623 purgamentorum
1093 558 1158 600 oer-
1208 541 1286 604 ritu:
1310 538 1407 618 lietu,
1430 539 1546 620 Offcrtc
1567 538 1637 600 Deo
1659 535 1775 619 λογικὴν
1797 543 1944 624 λατρείαν.

175 623 289 686 iunnct
311 622 399 704 ditty.
455 623 588 684 Hcercm
610 623 773 688 Hebraeis
796 623 824 686 si
852 622 963 688 nilicat
985 624 1158 690 tlestrnen·
1294 624 1363 690 latu
1385 628 1475 712 quod
1493 625 1560 690 sint
1581 620 1779 691 idololatrae
1791 623 1953 689 Pontificii
1962 624 2087 711 probo:
2111 623 2190 710 qula

175 708 273 788 (lum,
305 729 366 775 sen
399 709 616 796 redigentium
649 711 683 774 iu
715 644 937 776 solitutlinem.
991 708 1072 775 inde
1104 723 1157 777 est
1182 753 1187 816 ι
1209 710 1391 778 defenduut
1428 712 1672 778 invocationem
1715 722 1922 777 mortuorum
1964 710 2190 796 pertinaciter,

176 793 308 861 Graeca
330 815 398 861 vox
418 797 537 882 impio.
1209 807 1327 863 contra
1351 818 1544 883 expressum
1568 795 1632 863 Dei
1658 797 1862 863 mandatum:
1895 796 2060 858 Dontt'tutm
2088 796 2190 859 Detutt

1207 891 1292 945 tuum
1324 883 1491 958 adorabis,
1509 892 1541 946 et
1557 887 1622 964 ipsi
1642 882 1706 945 soli
1727 886 1849 946 oervtu.
1890 882 1976 949 Sunt
1998 883 2096 948 etiam
2116 882 2190 948 itlo·

1208 967 1363 1036 lolatrica
1374 971 1524 1036 adoratio
1541 968 1694 1035 inillissa
1711 981 1743 1034 et
1755 970 1879 1036 circum
1905 971 2034 1036 estatio.
2064 967 2190 1036 Dtcuut

1113 1104 1119 1117 .
1208 1076 1247 1121 se
1274 1076 1334 1141 pro
1367 1057 1452 1123 vivis
1485 1067 1519 1122 et
1550 1057 1690 1121 mortuis
1721 1053 1842 1122 offerre
1899 1055 2057 1134 hristum,
2089 1074 2190 1142 quern

231 1141 453 1256 congel-fleo
484 1172 663 1228 ortorum
694 1158 738 1230 ot
768 1144 1105 1230 idololatricorum
1206 1139 1352 1250 habeant
1385 1152 1595 1248 praesentem
1623 1143 1658 1207 in
1689 1143 1841 1208 manibus
1870 1143 1952 1207 suis.
2012 1140 2082 1207 iste
2110 1151 2189 1247 sunt

387 1296 568 1382 furorum
598 1301 710 1412 apud
740 1300 937 1413 Papisius.
1206 1226 2190 1468 pungobipppitppppnpppopppiaedeabqplilipppmuppmppffi

665 1417 667 1427 ·
1208 1421 1369 1469 consucta
1395 1421 1470 1469 one.

263 1497 406 1584 Oportet
427 1517 492 1564 nos
514 1511 636 1606 certos·
649 1520 728 1606 esse
750 1503 792 1569 de
819 1501 989 1580 domnna,
1017 1501 1047 1565 si
1075 1498 1157 1567 veli·

175 1583 525 1777 ssflrffillglgdelsl
540 1585 1156 1779 ssgffilffl'ooffiossffiavoffi
1246 1687 1322 1757 DIE
1344 1687 1659 1770 iilAllGAlll'l'AE,
1681 1687 1759 1764 QUI
1780 1686 1865 1757 EST
1886 1685 2005 1755 xxiii.
2028 1685 2143 1755 lULll.

176 1756 1156 1920 ttntuttrrataeuti‘iutuitutt:
1588 1877 1805 1948 ΜΜ,

177 1927 290 2002 culos,
323 1929 356 1993 in
391 1929 511 2015 quibus
544 1929 760 2016 reprehendis
793 1931 979 1997 domdnem
1004 1928 1156 2016 Papista·

175 2013 274 2084 runi
304 2013 354 2120 ’ln
380 2012 522 2081 articulo
549 2017 591 2082 do
619 2019 783 2126 trinitate,
810 2029 845 2124 et
870 2017 1156 2124 duabusOnaturis
1272 2068 1321 2132 Re
1452 2069 1589 2132 vem
1609 2068 1710 2131 Mb
1731 2077 1778 2132 m
1799 2088 1837 2130 m
1859 2070 1991 2132 oum
2012 2070 2124 2130 m

175 2101 210 2169 lu
232 2097 368 2166 Christo
392 2098 566 2189 indulgent
587 2101 698 2171 mulos
720 2117 839 2171 ottosrs
860 2100 1156 2190 speculationibus,
1319 2090 1452 2152 W⁶
1835 2088 1859 2150 ⁹

175 2184 335 2273 neglecto
362 2206 444 2252 vero
470 2195 536 2253 usu
563 2189 597 2254 iu
620 2190 787 2258 exercitiis
810 2190 1044 2258 invocationis.
1088 2189 1155 2256 De·
1541 2191 1762 2272 nmocrttcm,
1785 2195 1843 2251 etc.

175 2274 253 2340 iude
282 2270 460 2338 manifeste
488 2270 574 2339 feisa
601 2278 737 2343 uadunt
764 2278 807 2343 tie
835 2288 975 2360 peccato
1004 2277 1155 2361 originis.
2265 2345 2273 2354 ‚

174 2357 299 2426 Dicunt
317 2361 622 2444 concupiscentiam
639 2382 707 2429 nou
724 2381 804 2431 esse
820 2373 1007 2448 peccaturus
1030 2373 1156 2428 tautum
1294 2359 1367 2427 ileo
1387 2361 1572 2445 septimana
1592 2358 1655 2425 fuit
1677 2360 1848 2440 usitatum,
1879 2356 2041 2425 celebrari
2062 2355 2187 2425 iesturu

58 2503 61 2508 .
176 2442 322 2514 uetndia
344 2443 467 2511 delicta
488 2465 566 2511 esse
587 2461 745 2533 pecceta3
770 2450 868 2528 item,
895 2444 978 2512 nihil
1005 2466 1084 2513 esse
1110 2449 1156 2513 in·
1207 2449 1293 2515 dictu
1316 2445 1530 2534 Margaritae.
1564 2445 1640 2512 Nou
1662 2444 1742 2512 volo
1764 2466 1852 2512 nnnc
1875 2446 2017 2512 recitare
2037 2441 2187 2526 fabulas,

175 2533 318 2609 stiriam,
346 2533 410 2598 nisi
432 2551 536 2618 opera
561 2532 749 2616 hominum,
775 2546 832 2602 eut
863 2553 968 2620 opera
994 2531 1054 2599 illa
1081 2532 1157 2615 Dei,
1207 2553 1294 2622 quae
1315 2545 1393 2600 sunt
1414 2543 1526 2613 notae,
1540 2532 1694 2599 undecun
1718 2551 1762 2600 uo
1779 2552 1862 2598 sene
1882 2533 1950 2597 sint
1977 2543 2090 2611 ortae,
2113 2530 2188 2597 sive

174 2619 296 2705 qulbus
317 2617 351 2684 iu
379 2617 478 2684 uobis
504 2617 608 2685 eiiicit
638 2640 746 2688 novus
780 2616 968 2709 qualitates.
1021 2615 1158 2686 Tollunt
1206 2620 1250 2686 ab
1272 2616 1476 2705 Apollinari,
1507 2619 1581 2686 sive
1608 2619 1650 2687 ab
1678 2620 1764 2684 aiis.
1819 2615 2024 2684 Acilinaris
2051 2637 2126 2684 cour
2150 2636 2187 2682 o·

174 2704 332 2771 iustitium
362 2704 572 2788 imputatam,
634 2727 678 2773 oa
708 2719 902 2794 reputamur
933 2706 1011 2773 iusti
1043 2725 1157 2777 corant
1207 2707 1273 2773 suit
1296 2706 1457 2774 eiusmodi
1474 2716 1646 2794 poemata,
1674 2705 1709 2770 tu
1730 2716 1801 2786 est,
1859 2703 2028 2771 omnedias
2050 2715 2084 2772 et

174 2788 253 2857 Deo
274 2801 415 2876 propter
435 2792 586 2857 meritum
608 2726 741 2860 &bristi
790 2791 834 2860 Et
855 2794 981 2861 addunt
1002 2790 1156 2880 amplius,
1207 2794 1348 2882 goedias
1369 2804 1467 2874 tunc,
1489 2815 1565 2861 cum
1593 2788 1739 2860 lulianus
1765 2791 1933 2879 prohibuit
1959 2789 2072 2857 doceri
2093 2785 2189 2859 Chri·
2267 2832 2272 2846 ·

174 2874 341 2943 hominem
363 2896 500 2943 manere
522 2878 646 2945 debere
667 2880 933 2947 inhabitatione.
966 2877 1060 2946 llaec
1078 2889 1158 2953 sunt
1206 2883 1391 2949 ettenorum
1418 2877 1545 2947 liberos
1577 2879 1611 2946 in
1647 2875 1777 2945 scholis
1817 2877 1980 2945 Ethnicis.
2041 2874 2189 2944 liciebat

173 2959 1157 3141 uuiuheetttlrniitaetui
1206 2961 1784 3121 ttirrtttttetrttiii'
1800 2965 1929 3118 ‘iiii
1947 2960 2189 3117 ”tileth

172 3153 326 3215 mere
343 3148 377 3201 et
396 3147 508 3203 tantm
528 3136 743 3207 dubitandum
763 3159 853 3219 esse,
873 3120 1016 3206 utrum·
1080 3137 1155 3205 Deo
1206 3161 1268 3208 cae
1295 3139 1418 3207 accidit
1449 3140 1483 3206 iu
1513 3074 1613 3206 tntltls
1645 3135 1734 3204 illius
1766 3070 2017 3205 emendatigoenis.
2066 3135 2187 3228 Stutlln

173 3217 323 3374 ἕζεαι.
376 3218 557 3289 Praeterea
580 3244 649 3291 uon
677 3237 769 3293 recte
796 3224 973 3313 definiunt,
1005 3226 1084 3313 quid
1111 3225 1157 3291 sit
1206 3224 1339 3294 fluerunt
1369 3226 1527 3312 impedite
1558 3236 1593 3294 et
1624 3245 1762 3306 eversa,
1798 3235 1833 3293 et
1869 3236 1923 3291 est
1959 3233 2076 3292 mente
2110 3225 2187 3290 bar·

257 3307 348 3389 esia;
382 3311 462 3394 quia
487 3308 603 3376 dicunt
627 3310 818 3380 Ecclesiam
843 3312 990 3397 pendam
1017 3331 1059 3377 ex
1080 3331 1156 3379 suc·
1206 3314 1317 3380 baries
1339 3312 1373 3378 in
1394 3311 1556 3380 Echemia
1576 3313 1661 3378 setis
1682 3331 1814 3398 magna.
1865 3311 1943 3380 Non
1968 3311 2075 3397 potuit
2095 3309 2187 3377 scira

172 3395 330 3461 melone
352 3391 570 3476 Pontificum,
603 3417 679 3464 cum
698 3397 855 3466 Ecclesia
879 3401 923 3465 sit
951 3394 1090 3503 alligata
1110 3398 1178 3465 ud.
1204 3399 1404 3487 posteritas,
1432 3418 1518 3486 quae
1538 3397 1663 3465 inerim
1684 3399 1867 3466 certamina
1888 3398 1991 3465 llussi
2012 3408 2046 3464 et
2067 3396 2184 3463 lliero·

52 3504 60 3515 ·
174 3481 314 3581 veebum
335 3478 414 3546 Dei.
463 3480 581 3548 Totam
603 3484 701 3551 etiam
724 3486 909 3553 doctrinam
929 3485 1154 3571 poeniteutiae
1205 3489 1294 3593 cymi
1316 3484 1510 3574 Pragensis.
1554 3483 1693 3573 Semper
1719 3482 1895 3553 Ecclesiae
1919 3496 1974 3552 est
2000 3503 2087 3569 opus
2109 3502 2184 3553 eru·

174 3563 349 3633 maiiesto
373 3587 504 3634 eorsum
529 3580 600 3648 unt,
617 3565 817 3657 affingentes
841 3571 1043 3651 contritioni,
1064 3570 1155 3657 quod
1204 3573 1337 3641 huone.

173 3590 736 3738 ri
756 3658 1153 3832 attenuet

587 3787 596 3806 ·
738 3788 749 3822 5

174 3821 750 3997 bt‘it‘tiqt‘titiiilitii
765 3829 1154 3983 ,tti‘itittttitt
1416 3903 1527 4008 oue
1557 3904 1756 4018 significat
1784 3901 1970 4018 ,eom

174 3993 292 4063 toliere
312 4015 440 4083 poenas
462 3996 660 4083 corporales
682 4000 715 4066 in
731 4000 796 4068 hac
812 4001 881 4068 vita
896 4013 930 4068 et
947 3999 1152 4087 purgatorio.
1660 4024 1663 4028 ⁴

173 4081 241 4150 lato
262 4084 373 4149 omnia
393 4096 472 4150 sunt
492 4081 592 4169 plena
619 4089 780 4154 mendacii
808 4098 843 4154 et
869 4083 1075 4154 horribilium
1102 4083 1154 4154 i'u·
1291 4085 1466 4174 Significat
1491 4083 1674 4177 agricolam
1703 4084 1868 4153 colentem
1889 4097 2031 4162 terreum
2064 4098 2097 4151 et
2129 4096 2184 4152 est

173 4190 296 4236 rorum.
319 4168 480 4237 'l'rihunnt
490 4171 626 4259 insuper
636 4172 787 4241 Pontifici
799 4184 998 4260 potestatem
1009 4171 1155 4259 fingendi
1204 4175 1316 4262 imago
1345 4175 1423 4241 boni
1451 4186 1485 4241 et
1506 4196 1543 4242 sa
1568 4174 1665 4240 icutis
1686 4173 1855 4259 principis.
1910 4169 2050 4239 Cultura
2071 4185 2184 4240 terrea

173 4275 282 4322 novos
305 4253 426 4321 cultus.
460 4255 531 4322 llos
553 4277 688 4325 errores
705 4280 849 4327 necesse
866 4272 919 4327 est
940 4261 1057 4327 taxari
1090 4258 1154 4327 lle·
1206 4272 1258 4328 est
1280 4263 1493 4328 conservatio
1521 4197 1602 4327 ellat
1625 4256 1731 4339 linae,
1763 4258 1823 4321 dus
1849 4279 1921 4324 moa
1947 4257 2051 4344 nteit,
2083 4256 2182 4334 recte

174 4361 255 4408 cens
266 4342 368 4406 edidit
385 4340 541 4408 canisius
556 4341 816 4427 catechismum,
839 4347 872 4412 in
895 4366 962 4433 qno
984 4347 1063 4412 dicit
1084 4367 1156 4433 per·
1205 4347 1260 4410 cir
1280 4347 1348 4410 aad
1368 4355 1477 4429 tepent
1638 4345 1682 4408 te.
1726 4344 1900 4412 ¹Scribitur
1926 4344 2096 4434 Georgius
2124 4345 2182 4412 tle·

172 4427 351 4495 lectionem
379 4426 617 4516 Evangelicam
644 4450 721 4497 esse
748 4432 937 4518 relinquere
965 4430 1153 4499 facultates.
1206 4433 1355 4500 seudisse
1376 4432 1607 4520 llargaritam,
1633 4433 1669 4498 itl
1691 4443 1760 4512 est,
1782 4428 1988 4510 Ecclesiam,
2015 4428 2070 4499 vel
2090 4429 2182 4499 iusti·

173 4510 283 4579 David
310 4511 374 4578 init
404 4516 491 4582 inter
524 4514 796 4600 opulentissimos
829 4539 947 4606 reges,
981 4531 1014 4584 at
1042 4531 1153 4585 minen
1205 4521 1301 4599 tiam,
1334 4517 1508 4605 pulchram
1540 4516 1704 4604 puellam,
1740 4539 1839 4605 qaam
1877 4514 1984 4585 voluit
2019 4519 2183 4586 devorare

172 4595 233 4663 t‘uit
254 4596 451 4687 perfectior,
474 4622 573 4688 quarn
595 4603 1055 4693 quisquamflliranciscanns:
1078 4604 1155 4692 quia
1204 4604 1338 4684 Draco,
1359 4605 1393 4670 iul
1415 4616 1483 4685 est,
1506 4603 1669 4671 Diabolus
1690 4616 1724 4672 et
1744 4605 1894 4693 tyranni,
1916 4616 1952 4670 ut
1971 4625 2061 4670 nnuc
2083 4605 2183 4671 etiam

172 4704 313 4835 ἕξειὲξει
337 4684 651 4838 Ιῦῃοίιιῗιρίιῖεῑὶῑίη,
680 4711 750 4841 [tartt
773 4696 808 4755 et
828 4688 953 4843 laetipia
973 4693 1007 4756 in
1030 4691 1154 4842 Spittitu
1206 4691 1277 4842 i'ipri
1304 4691 1435 4842 videgrs.
1456 4689 1679 4844 hlulinglip
1705 4704 1882 4844 “ellim
1909 4689 2078 4843 hpprihilis
2106 4708 2183 4844 apg

175 4817 379 4964 hiopachum
390 4795 619 4944 vlpultteslvirsutlll
637 4797 795 4942 liltlle'ltl,
813 4798 909 4928 Ἧι
924 4798 1153 4945 Ἓόῗιῖορῗ
1205 4791 1390 4953 Glllrgcilll,
1402 4792 1822 4954 aquionppseepdpnotsffit
1834 4797 2180 4931 n‹llllltraellareacltltes.

168 4943 336 5023 sectionem
345 4941 576 5026 Ecuuycitecrn
596 4946 637 5014 Ei
649 4969 705 5014 res
752 4949 944 5018 nclitDeas:
964 4950 1154 5015 Noniutu.
1205 4949 1329 5017 Postea
1359 4952 1514 5018 obversis
1541 4948 1715 5017 novacuhs
1740 4947 1919 5018 includitur
1946 4947 2115 5039 Georgius
2146 4951 2182 5018 iu

171 5029 260 5127 Quid
282 5029 487 5121 igitnr'opus
509 5044 575 5114 est,
596 5031 685 5124 utin
718 5035 795 5103 enti
837 5034 968 5112 lamam
988 5036 1102 5111 Solem,
1124 5044 1156 5099 et
1206 5035 1347 5118 dolium,
1374 5039 1484 5104 etsie
1511 5033 1663 5103 inclutus
1690 5036 1840 5103 deiicitur
1860 5056 1903 5103 ex
1923 5036 2032 5103 arduo
2052 5048 2181 5106 montet

160 5118 364 5179 wistron
383 5117 459 5179 miii
479 5119 618 5195 iritum,
650 5123 756 5210 inquit
777 5121 893 5200 Donat
923 5121 957 5188 iti
984 5135 1055 5203 est,
1087 5132 1154 5190 car.
1203 5124 1240 5190 itl
1261 5134 1560 5204 monacensem
1581 5119 1673 5188 illum
1693 5124 1799 5210 princi
1842 5144 1887 5204 m,
1909 5124 1966 5212 qui
1987 5143 2101 5190 curant
2117 5124 2182 5192 Ee·

173 5199 292 5268 linitus
303 5200 501 5293 Evangelici
521 5219 600 5272 sunt
620 5207 731 5274 cultus
751 5211 945 5277 interiores:
968 5211 1056 5276 sicut
1072 5208 1155 5276 Pau·
1207 5206 1331 5277 clasiae
1352 5211 1507 5299 suscipit,
1523 5220 1559 5276 et
1579 5219 1690 5277 tuetur
1710 5209 1788 5277 iusti
1871 5207 2010 5291 ,multa
2030 5211 2110 5295 pati,
2126 5229 2180 5278 ve·

1913 5329 1964 5383 ib·
