4620 5588
93 354 96 372 ἢ
165 382 258 453 cula:
280 382 327 458 Si,
350 381 559 464 acciperetur
568 400 649 465 pro;
669 382 788 441 minam
800 379 1006 459 rependeres,
1029 389 1062 441 et
1081 377 1153 525 pui-

165 473 242 539 dem
262 468 397 535 hoodie
416 465 527 531 adhuc
538 485 785 552 cognosceres:
807 463 905 527 Wem
922 463 967 524 du
984 462 1066 526 noch
1091 471 1154 526 reru

165 557 304 620 muhebeu
321 552 453 617 wolteri.
500 553 591 632 Quae
612 561 682 614 suut
705 553 750 614 ud
771 572 885 634 pacem
912 549 994 633 utiq
1024 551 1057 614 id
1086 562 1151 629 est,

165 664 253 732 quae
275 643 331 708 tibi
354 637 526 726 profutura
545 651 629 704 sunt.
664 637 781 701 Poena
800 635 848 703 illi
871 635 1074 725 generaliter
1094 656 1153 701 no·

164 732 292 798 minant
299 738 370 807 ,ut
386 747 462 806 noS,
484 725 623 790 sobrina.
668 725 744 786 Poe
772 724 883 808 vobis]
906 725 1030 803 idest,
1058 721 1152 788 salus

165 817 282 888 vobis,
313 814 409 898 parci
431 812 497 875 aad
524 812 589 874 lacit
607 812 672 874 und
695 811 773 873 aller
804 819 878 894 puts
909 830 965 894 sep
991 814 1048 872 mit
1069 809 1153 872 euch

166 901 226 972 sic
246 911 477 990 argumentor:

211 1024 307 1087 Certo
329 1029 458 1085 aethera
479 1029 550 1087 sunt
573 1018 798 1085 tmnmtautia:

212 1110 358 1174 Christus
380 1108 473 1186 dicu,
491 1107 649 1169 excidium
671 1102 912 1189 Ilierorolpmne
941 1111 1027 1166 certo
1049 1111 1152 1166 cotue

209 1215 480 1366 Errytbmeicsctoedt‘um
501 1280 562 1343 ltuo
580 1282 645 1360 fuit
674 1236 878 1341 inenatabile:
910 1290 954 1358 et,
983 1297 1043 1363 per
1072 1296 1151 1344 con·

252 1389 411 1456 sequens,
441 1369 567 1451 frustra
595 1374 687 1448 optat
717 1366 870 1437 Christus,
893 1372 928 1426 ut
950 1367 1090 1446 cogitent
1111 1362 1152 1425 de

252 1476 335 1538 pace
357 1476 423 1517 rua.

223 1636 225 1640 ψ
253 1594 470 1678 Respondeo.
527 1591 644 1661 Omnis
679 1591 888 1656 comminatio
920 1588 1031 1653 habet·
1055 1606 1150 1653 exce·

165 1683 313 1768 ptionem
329 1679 564 1766 poenitentiae,
583 1674 748 1756 videlicet,
770 1678 801 1741 si
817 1676 968 1744 homines
983 1695 1051 1740 non
1073 1693 1150 1760 ege·

165 1750 235 1834 uini
253 1767 488 1872 poenitentiam
510 1765 596 1830 sicut
617 1765 760 1830 mundus
782 1761 978 1850 plerumque
995 1761 1151 1848 nonagit

166 1854 414 1941 poenitentiam.
459 1853 615 1937 Sequitur
647 1871 748 1939 ergo,
776 1850 863 1936 quod
898 1859 989 1915 certo
1018 1848 1152 1914 venient

166 1931 266 2007 misle.
301 1938 432 2004 Deinde
452 1940 540 2004 istae
563 1938 832 2003 connninationes
844 1935 968 2002 habent
988 1934 1151 1999 rationem

168 2025 427 2114 synecdoches:
451 2027 568 2105 idest,
590 2025 754 2110 pertinent
778 2025 821 2089 ad
843 2023 1000 2088 maiorem
1023 2032 1150 2106 partem

165 2114 293 2193 mundi,
316 2109 473 2179 videlicet
494 2114 537 2178 ad
559 2131 631 2190 eos,
655 2111 710 2197 qui
733 2130 800 2174 non
822 2107 1000 2175 emendant
1020 2126 1069 2173 se.

250 2411 406 2498 Suntne
439 2439 538 2523 ergo
569 2423 741 2493 eventus
772 2407 1074 2494 immutabiles?

180 2608 184 2615 '
254 2610 467 2697 Respondeo.
513 2611 707 2697 Sequuntur
722 2609 926 2677 necessitate
949 2628 1153 2694 consequen·

165 2701 246 2779 tiae,
280 2711 313 2764 et
346 2700 479 2785 quidem
511 2718 571 2764 eos
592 2698 772 2783 praecipue
794 2697 993 2780 opprimunt,
1026 2697 1081 2781 qui
1115 2713 1154 2761 se

90 2812 98 2826 ·
166 2806 236 2854 non
268 2787 456 2851 emendant.
506 2783 630 2869 Aliqua
662 2794 774 2848 tamen
801 2803 882 2867 pars
905 2793 968 2862 est,
1001 2803 1086 2868 quae
1114 2802 1154 2848 se

160 2871 336 2938 'emetmatr
364 2869 422 2937 illa
444 2873 583 2950 evadet,
611 2883 646 2935 ut
673 2868 849 2936 Ninivitae.
902 2867 1153 2935 Praedictiones

167 2957 292 3025 Christi
315 2979 383 3023 non
405 2970 483 3023 sunt
495 2957 644 3024 Stoicae:
666 2966 699 3021 et
710 2976 910 3043 quamquam
922 2968 1000 3021 sant
1011 2976 1154 3042 magnae

168 3042 390 3122 calamitates,
415 3055 526 3110 tamen
537 3041 632 3110 Deus
654 3040 785 3129 aliquas
802 3062 883 3107 snas
906 3040 1063 3130 reliquias
1085 3063 1153 3108 ser-

166 3143 237 3211 vat,
259 3133 346 3197 stent
368 3132 508 3197 dicitur:
540 3129 614 3195 Nou
643 3132 764 3210 focium
792 3130 932 3207 furorem
963 3133 1032 3191 irae
1051 3149 1154 3192 meuc.-

167 3221 243 3303 quiu
265 3218 353 3280 Deus
374 3239 433 3313 eqo
455 3239 531 3296 rum,
554 3239 617 3300 uon
637 3217 738 3280 homo.

457 3550 543 3637 Cur
572 3553 629 3635 iia
660 3551 861 3661 loquitur?

255 3734 340 3810 Quia
363 3738 468 3821 prima
489 3738 628 3801 intentio
651 3732 716 3799 Dei
738 3747 790 3799 est
812 3735 845 3798 in
867 3736 933 3813 ira,
956 3746 992 3800 ut
1015 3745 1152 3800 revocet

167 3824 211 3888 ad
232 3823 486 3906 poenitentiam:
517 3824 637 3889 deinde
659 3822 777 3887 ordine
798 3822 942 3886 iustitiae
963 3822 1073 3907 perdit
1093 3819 1153 3885 ho·

167 3909 286 3989 mineS,
308 3911 362 3994 qui
385 3930 453 3974 nou
476 3911 707 3975 emendantur:
735 3909 796 3972 sed
821 3905 921 3972 homo
944 3928 1018 3972 cum
1037 3909 1154 3973 irasci·

166 4005 234 4073 tur,
257 3997 353 4059 ardet
376 3997 557 4081 cupiditate
578 3995 756 4075 vindictae,
777 4005 814 4059 ut
835 3994 970 4078 perdat:
991 3992 1085 4059 Deus
1108 3995 1155 4059 ita

166 4082 334 4158 irascitur,
362 4094 397 4147 ut
431 4085 543 4167 cupiat
576 4102 740 4148 revocure
772 4083 815 4146 ad
838 4081 1087 4165 poenitentiam,
1122 4093 1154 4146 et

167 4165 283 4232 salros
306 4165 418 4233 iacere
447 4166 579 4255 aliquos
608 4170 824 4234 emendantes
860 4188 917 4243 se;
945 4169 1024 4253 quia
1058 4164 1152 4233 Deus

167 4275 234 4318 non
259 4265 311 4317 est
332 4253 427 4319 Deus
450 4256 657 4341 perditionis,
680 4256 741 4320 sed
764 4253 891 4321 salutis.

255 4341 312 4402 Sic
334 4343 432 4426 igitur
454 4343 530 4406 dico
552 4344 650 4407 etiam
669 4345 711 4408 de
733 4343 862 4408 excidio
884 4338 1152 4428 Hierosolymae,

168 4447 243 4492 cum
267 4428 433 4492 obiicitur:

256 4548 387 4609 Futult‘a
410 4557 482 4610 artui
503 4548 723 4610 immutabilia:
1065 4589 1068 4595 .

256 4635 337 4698 Erat
354 4635 469 4714 sutule,
493 4644 527 4698 ut
551 4624 771 4719 Hierosolymo
794 4637 1020 4698 destrueretur:

253 4723 359 4802 Igitur
381 4745 444 4783 riou
460 4724 637 4804 profuisset
655 4726 861 4804 poertiteutiu.

253 4858 468 4946 Respondeo.
512 4859 640 4926 Fatalis
667 4873 746 4928 sunt
771 4858 996 4940 immutabilia,
1024 4858 1154 4926 scilicet

167 4947 369 5012 necessitate
392 4950 662 5034 consequentiae,
693 4969 762 5012 non
785 4949 962 5034 agentibus
984 4950 1152 5034 poeniten·

79 5080 83 5087 ,
168 5032 261 5096 tiam:
286 5054 401 5099 omnes
425 5047 535 5101 autem
551 5035 824 5100 comminationes
835 5034 961 5101 habent
983 5036 1152 5121 exceptio·

167 5139 243 5185 nem
265 5124 497 5207 poenitentiae.
537 5123 612 5188 linc
633 5124 741 5219 probo
756 5144 825 5209 per
846 5123 986 5190 dictum=
1007 5119 1046 5185 st
1066 5126 1153 5205 inpe-

813 140 928 253 rmn}
950 184 1053 251 nnn.
1077 183 1268 253 sontum
1288 183 1555 252 amoenet.
1630 164 1631 169 '

2124 186 2190 254 :tot

1204 377 1315 438 nuterit
1343 383 1508 455 peccator.
1573 374 1665 447 item.
1705 376 1783 459 istnc
1815 398 1886 459 epo,
1909 378 1992 442 dicit
2023 376 2187 440 Derrima.

1204 462 1399 548 Syracides=
1415 461 1489 523 Nou
1511 461 1640 543 differas
1656 466 1899 546 poeniteutiam,
1922 468 1999 546 quia
2019 465 2121 527 urbita
2139 485 2189 526 oe·

1203 552 1268 610 niet
1289 549 1449 612 iudicium.
1494 548 1576 614 Erat
1602 550 1806 635 praedictum
1834 553 1999 618 excidium
2032 551 2188 617 Hieroso·

1204 631 1325 722 lymae,
1346 649 1381 700 ut
1405 637 1631 701 destmeretur
1649 661 1669 701 a
1691 633 2000 703 Nabuchdonosor:
2024 648 2189 703 ettamen

1204 722 1361 786 ieremias
1376 723 1454 787 dicit
1467 724 1509 787 ad
1522 721 1740 788 Zedechiamr
1758 725 1797 786 Si
1808 726 1911 786 exibis
1928 733 1960 788 et
1981 725 2111 786 derleue
2132 728 2188 796 eis,

1203 830 1266 870 non
1278 809 1464 871 exuamur
1480 809 1564 874 urie.
1598 807 1712 876 Simile
1725 825 1777 876 est
1788 809 1975 896 exemplum
1997 813 2030 876 in
2049 810 2190 877 historia

1203 894 1314 961 lonae.
1359 895 1407 961 lbi
1430 896 1529 961 etiam
1552 897 1723 962 obiiciturt
1868 903 1872 910 '

1246 1015 1562 1096 Detuprcedieerot
1576 1037 1637 1099 per
1657 1018 1768 1081 Ionam
1784 1022 1958 1100 perituram
1977 1017 2130 1087 Niciam,
2159 1027 2189 1080 et
2235 1071 2244 1087 ,

1289 1103 1347 1164 itta
1370 1110 1471 1169 tanen
1491 1126 1554 1168 nou
1573 1106 1688 1185 periit:
2098 1117 2100 1120 ‘

1246 1189 1335 1272 Ergo
1358 1189 1445 1252 Deus
1467 1212 1529 1252 raon
1551 1198 1599 1252 ert
1615 1211 1722 1253 ceree

1287 1307 1504 1395 Respondeo.
1548 1309 1642 1378 Deus
1665 1324 1716 1378 est
1739 1332 1863 1389 verax3
1888 1309 1956 1379 hoc
1976 1312 2190 1377 verissimum

1204 1408 1272 1471 est3
1301 1398 1362 1462 sed
1381 1399 1652 1465 comminationes
1686 1420 1805 1464 omnes
1839 1396 1912 1464 vult
1943 1396 2081 1484 intelligi
2114 1417 2190 1463 cum

1203 1485 1401 1568 exceptione
1423 1484 1664 1570 poenitentiam
1686 1484 1855 1571 quiaipse
1877 1487 1980 1551 iurat=
2021 1484 2097 1546 Vivo
2119 1504 2189 1566 epo,

1201 1570 1277 1632 uolo
1299 1579 1425 1633 mortem
1449 1575 1640 1652 maceraris,
1672 1572 1729 1633 red
1749 1580 1785 1634 ut
1817 1579 2025 1634 cmwertatur.
2069 1570 2192 1637 Ninive

1202 1669 1281 1743 post
1302 1655 1346 1721 60
1357 1678 1477 1736 annos,
1497 1679 1572 1724 cum
1594 1656 1729 1743 relapsa
1751 1669 1844 1724 esset
1864 1661 1898 1724 in
1912 1660 2026 1742 priora
2037 1669 2187 1743 peccata.

1202 1744 1336 1808 tandem
1357 1741 1505 1810 fonditus
1527 1742 1638 1830 periit:
1656 1745 1756 1811 lonas
1779 1746 1991 1831 praedixerat
2011 1745 2191 1831 perituram

1202 1842 1281 1917 post
1303 1830 1346 1894 40
1369 1831 1452 1896 dies.
1497 1829 1567 1898 Sed
1588 1830 1684 1897 Deus
1712 1844 1793 1898 tuuc
1819 1832 1969 1917 pepercit
1991 1833 2083 1911 urbi,
2112 1833 2192 1917 quia

1201 1919 1325 2003 agebat
1342 1919 1587 2001 poenitentiam.
1634 1918 1702 1983 Sed
1732 1917 1865 2004 quando
1893 1919 2099 2003 inpeccatis
2129 1917 2191 1984 ho·

1203 2004 1308 2068 mines
1331 2022 1397 2069 non
1421 2017 1525 2091 agunt
1547 2006 1795 2089 poenitentiam,
1817 2015 1886 2070 tum
1898 2008 2035 2072 veniunt
2047 2024 2188 2090 poenae,

1201 2100 1240 2156 ut
1262 2090 1395 2156 dicitur:

1289 2190 1368 2272 Seru
1390 2218 1491 2272 tumea
1509 2214 1619 2273 tacitis
1637 2231 1743 2292 poeno
1762 2214 1847 2273 uerit
1864 2211 2008 2292 podien.

1247 2296 1345 2363 item:
1367 2297 1538 2378 Apte-tant
1556 2298 1656 2359 oculis
1672 2301 1779 2380 rupert·
1799 2297 1948 2362 mortaldo
1964 2301 2066 2362 iustis.

1248 2383 1357 2459 uidete
1377 2383 1557 2472 ἀνθρώπων
1578 2383 1694 2450 ἀδικῶν
1713 2409 1792 2450 τισιν
1809 2383 1864 2449 oriar
1885 2383 2033 2452 ἄποιίσει.

1205 2701 1462 2786 Historica
1510 2702 1757 2812 quaedam
1810 2702 1871 2785 de
1922 2702 2191 2788 obsidione

1489 2857 1887 2969 Hierosolymae.
1978 2868 2002 2879 “’
2069 2834 2073 2842 ’
2132 2827 2141 2835 ’

1291 3039 1432 3108 Decimo
1444 3042 1497 3105 die
1508 3038 1637 3107 Mensis
1650 3042 1795 3129 Augusti
1807 3042 1895 3129 ignis
1913 3039 2036 3126 templo
2049 3051 2101 3108 est
2112 3042 2191 3109 inie

1206 3141 1296 3195 ctust
1319 3127 1387 3193 Sed
1406 3128 1592 3194 incendium
1615 3139 1648 3193 et
1658 3129 1804 3194 vastatio
1826 3129 1920 3194 urbis
1933 3129 2063 3193 duravit
2085 3150 2192 3214 usquc

1204 3217 1247 3281 ed
1262 3216 1291 3280 8.
1306 3215 1390 3279 diem
1402 3214 1619 3299 Septembris.
1647 3214 1795 3280 Fuemnt
1807 3235 1949 3301 magnae
1961 3217 2080 3280 domus
2091 3228 2192 3303 atque

1204 3301 1370 3368 aedificia:
1394 3302 1469 3365 ideo
1497 3320 1565 3364 non
1587 3313 1765 3388 potuerunt
1786 3313 1851 3367 tam
1875 3304 1941 3367 cito
1965 3298 2207 3389 conflagrare.-
2240 3356 2247 3377 .

1204 3388 1241 3454 ln
1259 3388 1446 3472 Septembri
1463 3389 1597 3452 omnino
1615 3386 1726 3453 deleta
1744 3401 1805 3454 est.
1840 3389 2117 3454 Animadversum
2133 3409 2192 3457 au·

1204 3489 1271 3542 tem
1292 3487 1355 3552 est,
1379 3475 1521 3538 eundem
1541 3470 1647 3539 fuisse
1670 3476 1756 3540 diem
1778 3474 1968 3540 inflammati
1992 3474 2104 3561 templi
2127 3478 2192 3543 sub

1204 3561 1290 3642 Tito,
1302 3562 1357 3648 qui
1370 3557 1431 3624 suit
1442 3562 1506 3626 sub
1523 3559 1850 3638 Nabuchdonosore,
1863 3563 1919 3647 qui
1938 3564 2034 3626 etiam
2047 3565 2193 3650 uastauit

1204 3650 1331 3714 urbem.
1370 3645 1562 3712 Antecessit
1574 3661 1683 3714 autem
1695 3650 1791 3713 annis
1812 3650 1890 3727 617,
1898 3648 2115 3713 inflammatio
2127 3652 2192 3716 snb

1204 3733 1530 3815 Nabuchdonosore,
1565 3748 1597 3799 et
1625 3747 1735 3801 tamen
1762 3738 1848 3801 inter
1876 3732 1955 3800 illos
1982 3736 2065 3814 617,
2087 3756 2193 3820 saepe

1206 3833 1304 3906 capta
1327 3833 1379 3886 est
1401 3824 1494 3901 urbs,
1517 3833 1552 3886 et
1572 3820 1696 3887 multae
1718 3823 2026 3908 magnaemiseriae
2047 3820 2191 3889 suerunt.

1205 3909 1280 3974 Fuit
1301 3910 1353 3974 bis
1376 3906 1456 3974 dolo
1479 3920 1589 4057 cappa,
1607 3929 1674 3972 non
1698 3908 1732 3972 vi
1753 3919 1961 3994 expugnata3
1983 3910 2104 3973 deinde
2125 3911 2192 3976 sub

1205 3993 1373 4060 Antiocho
1396 3995 1505 4059 omnia
1551 3984 1690 4059 ostiliter
1711 3992 1803 4060 iacta
1825 4007 1914 4061 sunt.
1959 3992 2019 4061 illa
2041 3996 2193 4081 direptio,

1205 4103 1304 4168 quam
1327 4082 1475 4146 exercuit
1498 4080 1702 4160 Antiochus,
1730 4103 1797 4147 non
1820 4079 1881 4148 fuit
1903 4084 2020 4162 minor,
2066 4103 2143 4147 uam
2161 4084 2193 4147 si

1205 4179 1276 4233 tota
1305 4170 1387 4234 urbs
1420 4163 1538 4232 fuisset
1567 4168 1706 4233 incensa
1739 4181 1839 4255 atque
1873 4168 1993 4234 deleta.
2039 4103 2089 4232 1111
2108 4167 2191 4235 'dno

1204 4257 1278 4334 viri,
1299 4253 1492 4320 Alexander
1514 4265 1548 4317 et
1581 4252 1680 4319 lulius
1703 4257 1906 4339 praetiemnt
1928 4277 2000 4321 eam
2023 4253 2191 4335 infectam,

1204 4341 1275 4403 Dar
1297 4347 1341 4403 ist
1362 4344 1412 4403 ein
1433 4349 1508 4421 pros
1529 4339 1627 4422 chag,
1649 4343 1737 4426 qnod
1750 4363 1818 4407 non
1840 4342 2019 4408 violarunt.
2042 4340 2190 4407 Alexan·

1203 4430 1275 4506 der,
1297 4449 1372 4494 oum
1395 4426 1600 4492 accessisset
1621 4429 1663 4492 ad
1685 4430 1822 4507 urbem,
1856 4443 1889 4494 et
1911 4431 2137 4513 processisset
2159 4430 2192 4493 ei

1204 4516 1335 4580 obviam
1362 4513 1529 4591 Pontifex,
1563 4515 1738 4580 descendit
1761 4517 1803 4580 de
1837 4538 1936 4593 euo,
1970 4528 2004 4580 et
2036 4518 2190 4581 adoravit
2257 4523 2259 4529 ’

1202 4602 1404 4685 pontificem.
1450 4600 1692 4687 lutenogatus,
1727 4623 1830 4687 quare
1857 4537 1929 4665 boc
1962 4602 2102 4681 iaceret,
2136 4623 2189 4668 re·

1203 4689 1349 4771 spondit,
1382 4688 1568 4754 sevidisse
1602 4686 1701 4754 talem
1730 4688 1877 4773 speciem
1906 4690 2080 4755 insomne
2104 4690 2190 4755 exci-

1204 4786 1327 4839 tantem
1351 4793 1401 4853 se,
1424 4785 1455 4838 et
1468 4787 1654 4853 vorantem,
1673 4788 1709 4840 ut
1731 4775 1794 4839 iret
1815 4777 1849 4840 in
1860 4777 1976 4839 Asiam
1992 4779 2188 4864 adregnum

1204 4861 1376 4927 Persicum
1400 4864 1642 4944 occupandum,
1666 4864 1860 4947 prinsquam
1882 4863 2098 4945 egrederetur
2120 4861 2188 4928 tta·

1205 4948 1354 5013 eedonia·
1408 4945 1518 5012 Credo
1553 4946 1660 5013 fuisse
1693 4962 1817 5012 motum
1851 4949 2006 5014 divinam.
2061 4949 2187 5014 Persae

1205 5033 1304 5100 valde
1327 5030 1448 5099 rrtultos
1470 5035 1612 5100 ludaeos
1624 5032 1805 5099 crudeliter
1828 5038 2046 5115 trucidarunt,
2070 5034 2186 5101 etRex

1205 5120 1322 5191 Ochus
1344 5123 1513 5207 proximus
1537 5134 1615 5186 ante
1636 5119 1788 5205 Darium,
1821 5119 1919 5189 valde
1947 5121 2093 5191 emdelis
2115 5118 2185 5188 fuit.
