4620 5588
161 194 225 265 etl
581 198 585 205 '
839 191 1060 260 rosum
1088 191 1527 263 ΜΕῙΑΝἸἮΟΝΙΑΗΑ,Ι
2108 196 2177 267 D!

160 389 225 453 beo
244 404 366 474 egere,
400 406 487 465 quae
509 396 586 451 surr:
617 386 819 464 vocationis,
850 382 1030 448 auxiliante
1051 381 1139 448 Deo'.
1279 384 1365 449 Dico
1395 386 1438 451 de
1470 386 1547 451 istis
1577 388 1808 453 communibus
1831 389 1920 453 vitae
1942 389 2109 467 miserius,
2140 402 2178 454 ut

158 470 266 541 Simul
285 485 394 538 autem
406 472 513 538 debeo
535 490 612 536 esse
636 483 773 577 paratus
796 472 838 536 ad
861 471 1082 535 obedientiam
1106 471 1139 536 in
1191 490 1418 558 agnoscamus
1440 483 1472 536 et
1500 491 1698 550 caveamus,
1731 486 1764 536 ct
1786 473 1954 539 ordiamur
1978 475 2177 539 emendatio·

33 562 44 579 ⁹
158 578 277 626 unce:
307 558 375 638 Qut
393 560 462 623 mtlt
482 579 531 622 me
552 577 660 643 seqttt,
684 560 780 623 tollat
801 576 929 622 crrtcem
949 576 1051 621 mose
1096 557 1141 622 Es
1191 577 1267 622 nem
1291 578 1310 621 a
1337 559 1435 623 nobis
1460 559 1558 642 ipsis
1616 556 1737 625 Videte
1770 570 1883 623 vestra
1915 563 2025 627 studia
2032 606 2044 640 ,
2076 582 2177 645 quam
2237 608 2240 613 -

157 647 222 713 soii
240 648 293 710 ein
313 665 385 710 mos
405 645 525 724 dodoi,
547 656 584 708 ut
604 645 790 731 cogitemus
813 644 855 708 de
877 645 1028 728 eorporis
1053 663 1140 708 com·
1192 643 1266 711 sine
1288 642 1405 710 ordine
1426 640 1497 709 iere
1520 643 1672 709 discitis?
1704 643 1829 710 Postea
1848 647 1992 732 cogitate
2014 646 2112 711 etiam
2135 648 2177 717 de

158 733 327 799 moditate.
373 732 409 796 Si
431 733 487 797 dat
518 729 597 796 milri
626 730 721 797 Deus
752 728 1001 807 defensionem,
1034 730 1139 795 debeo
1193 731 1358 795 communi
1381 730 1461 810 vita,
1482 731 1516 795 in
1537 751 1605 816 qua
1621 744 1837 815 praepostere
1854 730 2013 819 pleraque
2031 744 2177 819 aguntur

157 815 205 885 illi
225 820 354 903 gratias
375 838 493 903 agere:
519 820 550 882 si
568 838 634 882 non
653 819 721 897 dat,
743 819 850 882 debeo
863 820 1027 902 patienter
1040 814 1139 881 ferre.
1192 816 1236 882 ab
1259 816 1423 883 omnibus.
1467 816 1534 882 lsta
1556 837 1638 902 ergo
1661 813 1800 882 stultitia
1821 817 1876 888 bic
1910 818 2175 905 reprehenditur,

159 903 306 969 Manebit
328 917 436 967 tamen
449 902 616 984 Ecclesia,
638 905 727 967 iuxta
750 906 1022 986 promissionem:
1046 902 1140 984 Ecce,
1193 901 1283 989 quod
1306 900 1457 969 homines
1471 900 1661 969 anteferunt
1679 923 1745 967 :ron
1758 908 1949 971 necessaria
1966 904 2176 973 necessariis.

158 993 255 1076 poetri
271 992 308 1054 :it
329 1009 387 1055 ore
408 999 464 1055 tuo
483 992 584 1055 omino
615 1010 704 1069 meo,
735 998 773 1054 ut
798 992 929 1074 plantes
950 991 1073 1055 coelos:
1106 988 1140 1052 id
1280 986 1398 1053 Dicam
1417 991 1472 1055 hic
1495 988 1613 1066 obiter,
1637 988 1726 1074 quod
1747 1009 1851 1074 saepe
1870 991 1966 1055 vobis
1989 993 2071 1057 dixi:
2095 990 2177 1059 Erat

159 1086 222 1155 est,
244 1090 281 1142 ut
305 1073 446 1164 colligas
460 1075 659 1155 Ecclesiam,
681 1076 771 1145 Noclt
793 1076 890 1143 keren
902 1075 971 1143 siclt
985 1077 1039 1140 die
1059 1078 1142 1141 iente
1194 1074 1311 1160 Spirae
1339 1075 1371 1139 in
1394 1088 1563 1141 conventu
1594 1073 1800 1155 Monachus,
1834 1078 1890 1162 qui
1923 1090 1995 1144 toto
2029 1090 2177 1162 tempore
2251 1112 2255 1120 ¹

158 1164 386 1229 :riedirierum
645 1172 648 1179 ‘
1195 1171 1381 1227 conventus
1419 1162 1451 1226 in
1490 1162 1561 1227 suis
1601 1161 1818 1227 concionibus
1856 1163 1898 1229 de
1936 1164 2176 1231 controversiis

245 1249 410 1314 lisitatum
426 1251 529 1315 estin
553 1262 624 1314 tota
646 1250 723 1319 vita,
746 1261 780 1313 et
798 1251 952 1314 omnibus
969 1248 1140 1314 ordinibus
1193 1261 1385 1315 nostrorum
1417 1258 1602 1333 temporum
1631 1245 1711 1313 nihil
1732 1248 1934 1336 attingebat,
1962 1252 2023 1317 sed
2047 1252 2080 1315 in
2104 1250 2177 1319 suis

159 1334 211 1401 vel
234 1341 385 1401 ‹mdttere
399 1334 668 1413 necessaria,vel
686 1334 911 1422 negligentius
924 1335 1045 1401 iacere.
1076 1333 1141 1398 lio·
1194 1334 1341 1398 materiis
1360 1336 1572 1417 procedebat.
1616 1332 1830 1399 Mediocriter
1852 1337 2112 1403 concionabatur
2133 1337 2176 1404 de

157 1424 262 1488 mines
284 1434 452 1508 anguntur
472 1424 514 1489 de
537 1425 639 1488 rebus
660 1443 729 1488 non
752 1425 964 1500 necessariis,
986 1435 1020 1487 et
1032 1423 1140 1487 :ninus
1194 1420 1355 1500 testibus,
1389 1441 1474 1506 quos
1507 1418 1654 1487 habebat
1685 1421 1749 1484 sibi
1781 1424 1985 1506 propositos.
2027 1423 2177 1489 ‘landem

158 1505 332 1596 diligenter
368 1521 472 1593 agunt
509 1511 715 1575 necessaria.
759 1506 959 1574 Cancellarii
991 1509 1025 1574 in
1055 1504 1141 1572 aulis
1194 1506 1291 1572 dixit:
1325 1504 1398 1592 Ego
1434 1509 1507 1572 scio
1534 1522 1603 1571 'vos
1636 1519 1814 1592 expectare
1840 1531 1860 1572 a
1880 1531 1951 1589 me,
1985 1523 2020 1575 ut
2052 1506 2176 1595 aliquid

158 1599 324 1663 sustinent
344 1597 478 1681 pondus
497 1609 530 1661 et
552 1607 682 1660 nestum
700 1595 777 1672 diei,
800 1607 833 1660 et
854 1596 1028 1661 maximum
1047 1593 1140 1659 labo·
1192 1593 1300 1658 dlcanr
1322 1592 1365 1657 de
1388 1592 1628 1659 controversiis
1649 1592 1749 1659 huius
1775 1596 1943 1679 temporis.
1988 1596 2062 1687 Ego
2084 1591 2176 1663 adhi-

157 1702 226 1747 rem
247 1681 378 1756 lerunt:
400 1679 550 1766 plerique
565 1680 695 1767 lugiunt
712 1683 788 1760 ista,
806 1682 905 1746 etiam
918 1680 1049 1746 Domini
1065 1680 1140 1765 ipsi,
1195 1680 1280 1744 bebo
1304 1675 1589 1745 deliberationem:
1622 1691 1656 1745 et
1683 1680 1833 1764 proxima
1865 1678 2040 1747 Dominica
2068 1683 2175 1766 dicam
2297 1744 2303 1754 ,

157 1778 190 1833 et
210 1783 289 1833 sunt
310 1770 467 1853 occupati
485 1765 704 1852 spectaculis,
722 1769 950 1853 apparatibus,
974 1780 1007 1832 et
1028 1764 1141 1831 simili·
1193 1761 1316 1850 aliquid
1339 1784 1377 1829 ea
1401 1765 1512 1831 dere.
1558 1762 1723 1831 Convenit
1750 1769 1900 1853 sequenti
1930 1765 2106 1835 Dominica
2129 1770 2176 1834 in·

160 1854 224 1919 bus
257 1857 367 1939 nugis
423 1854 525 1919 labeo
558 1873 620 1918 vos
654 1855 872 1920 considerare
904 1857 1014 1919 vitam
1064 1853 1141 1918 Non
1218 1871 1278 1916 ens
1297 1848 1482 1931 multitudo,
1506 1853 1558 1916 sic
1578 1866 1614 1917 ut
1638 1848 1860 1937 compleretur
1881 1865 1985 1920 totum
2003 1854 2175 1938 templum:

160 1939 236 2006 dico
254 1938 377 2025 aliquid
402 1938 618 2005 contumeliae
640 1956 763 2008 caussa
785 1942 818 2005 in
841 1942 1003 2027 cuiusque
1023 1960 1141 2025 perso·
1193 1873 1254 2001 lue
1287 1937 1484 2003 concionem
1518 1959 1611 2005 suant
1659 1940 1800 2004 crtexuit
1821 1937 1920 2005 solito
1943 1962 2045 2007 ruore.
2092 1940 2177 2009 Fere

160 2045 247 2091 nam.
278 2025 398 2091 Videte
415 2038 551 2093 nostros
573 2024 808 2104 scholasticos,
829 2028 998 2114 quomodo
1014 2048 1140 2111 angun-
1193 2024 1284 2089 finita
1314 2024 1491 2105 concione,
1515 2024 1611 2090 dixit:
1674 2046 1738 2091 ene
1759 2023 1881 2091 oblitus
1903 2048 1993 2092 eram
2016 2028 2079 2091 mei
2101 2047 2176 2113 pro·

158 2123 212 2178 tur
235 2114 277 2178 de
299 2114 371 2177 suls
388 2109 615 2198 voluptatibus
634 2126 667 2179 et
683 2115 825 2196 ineptiis.
859 2113 894 2177 ln
918 2115 1036 2177 studiis
1058 2115 1141 2196 ipsis
1194 2110 1298 2175 missi.
1344 2109 1412 2174 Sed
1445 2112 1564 2183 audite.
1609 2109 1702 2176 Dixit
1722 2122 1790 2176 tunt
1812 2109 2027 2196 particularia
2048 2111 2177 2198 aliqua?

158 2218 273 2264 curun
296 2212 349 2264 est
370 2201 491 2265 dictum
513 2199 674 2265 Senecae.
719 2199 921 2265 Necessaria
941 2203 1140 2284 ipsorontus,
1196 2208 1359 2262 vocantur
1380 2197 1413 2260 in
1437 2197 1547 2263 odium
1564 2209 1732 2281 pastores,
1774 2195 1906 2281 opulus,
1931 2212 1995 2263 ete.
2025 2200 2093 2266 Sed
2109 2199 2176 2265 boc

158 2287 236 2369 quio
266 2304 333 2351 non
363 2292 549 2351 necarem
581 2286 763 2353 didicimus.
808 2286 944 2365 Videte,
974 2288 1140 2372 quomodo
1193 2284 1331 2349 scitote:
1370 2280 1471 2347 Wean
1497 2291 1549 2349 eta
1580 2284 1715 2367 ipiiciter
1738 2219 1802 2367 Mn·
1825 2287 1934 2351 saum
1961 2286 2037 2351 titur
2058 2285 2175 2371 l‘cretc,

159 2374 332 2437 oeconomi
365 2374 432 2437 sint
458 2373 613 2457 occupati
642 2374 676 2436 in
699 2392 766 2437 non
784 2374 1003 2445 necessariis:
1037 2375 1141 2437 maior
1192 2389 1231 2434 so
1264 2368 1376 2433 toit'rdc
1407 2389 1443 2434 es
1475 2369 1690 2435 allentbotben
1717 2379 1799 2437 rctn.
1844 2372 2049 2438 Mementote
2077 2373 2178 2499 etlatq

159 2478 242 2523 cura
262 2471 316 2523 est
337 2459 380 2523 de
401 2459 519 2524 suibus
540 2455 846 2544 pinguelaeiendis,
875 2479 976 2544 quam
1000 2460 1042 2524 de
1063 2455 1140 2524 filiis
1194 2454 1346 2522 Graecos
1369 2473 1501 2532 versus,
1520 2476 1605 2542 quos
1626 2467 1794 2544 utcunque
1815 2457 1933 2545 Latine
1954 2460 2007 2527 sic
2030 2459 2173 2524 reddidi.

159 2555 251 2609 recte
268 2545 469 2622 educandis:
502 2564 591 2630 quae
621 2556 731 2609 tamen
765 2545 909 2611 debebat
933 2564 1014 2610 esse
1036 2548 1142 2629 prima

158 2650 251 2695 eura.
294 2629 433 2709 Vidine,
465 2632 525 2696 uie
551 2651 587 2695 cs
616 2637 714 2695 anter
738 2632 803 2696 rien
819 2626 972 2714 fransoes
991 2634 1050 2698 mit
1071 2634 1140 2699 dem
1278 2626 1357 2693 Non
1378 2627 1506 2693 curiose
1525 2628 1647 2707 ubere,
1668 2637 1717 2695 cst
1737 2629 1967 2697 ducerem

155 2716 316 2802 pcucacde
346 2717 493 2802 znpelret,
525 2719 585 2783 mit
617 2717 680 2783 den
707 2716 882 2796 Kleidsrn,
913 2718 983 2784 aad
1014 2738 1060 2784 on
1080 2718 1142 2786 dor
1279 2710 1331 2781 Ni
1349 2714 1497 2780 curiosos
1517 2716 1604 2780 inter
1624 2716 1733 2781 meere
1752 2717 1904 2801 contipit:

156 2802 295 2886 buffard
337 2802 424 2869 Sunt
445 2801 598 2870 muliebri
618 2804 715 2870 sexui
736 2826 799 2870 sua
820 2806 911 2871 vitia.
1277 2799 1346 2867 Sed
1366 2802 1399 2866 si
1416 2802 1489 2887 quis
1509 2803 1596 2867 inter
1627 2801 1750 2869 belinas
1771 2811 1805 2870 ct
1824 2804 1923 2869 sirum
1954 2806 2066 2896 (upra
2085 2804 2175 2885 cebet·

243 2889 375 2955 Accidit
403 2887 459 2955 hic
480 2891 513 2955 in
534 2889 671 2956 vicinia:
699 2891 841 2965 Quidam
861 2893 1001 2959 maritus
1021 2895 1140 2959 verbe·
1241 2916 1249 2929 ·
1319 2887 1425 2953 undu
1434 2884 1672 2971 einenbauffett
1683 2889 2174 2975 moeururtteotopentmpn

157 2989 290 3042 raserat
321 2996 417 3041 suam
439 2978 617 3063 coniugem
634 2976 746 3058 solea,
768 2980 826 3043 mit
847 2980 946 3044 doen
964 2979 1140 3064 pontoffet:
1284 2970 1455 3055 Versatur,
1476 2974 1560 3041 bunc
1578 2975 1654 3063 fieri
1672 2995 1801 3043 measse
1821 2986 1872 3044 est
1889 2978 2027 3044 simiam.

158 3062 303 3127 coniunx
336 3065 552 3149 conqueritur
580 3064 622 3129 de
643 3066 752 3130 mariti
780 3066 971 3152 tyrannide:
1003 3069 1139 3155 cognati
1277 3058 1430 3128 Humana
1451 3070 1594 3147 wantos
1614 3063 1685 3129 vito
1705 3064 1856 3130 nautas
1876 3063 1993 3132 babet!

158 3149 377 3227 conveniunt,
410 3159 444 3215 et
460 3162 642 3236 quaerunt,
675 3171 735 3216 cur
751 3164 932 3237 cognatam
955 3173 1049 3217 suam
1073 3164 1139 3218 tarn
1782 3188 1800 3217 ·.
2138 3176 2147 3185 ⁸

158 3235 283 3301 duriter
303 3246 438 3301 tractet:
461 3248 534 3301 erat
549 3233 676 3303 familia
696 3238 851 3317 honesta,
874 3251 906 3307 et
929 3259 1032 3324 aegre
1054 3237 1139 3305 scre·
1208 3300 1228 3315 ,,
1267 3228 1409 3311 ,Graece
1430 3235 1500 3299 letti
1520 3255 1556 3300 es
1575 3237 1642 3301 viel
1660 3235 1786 3304 barser:
1818 3234 2108 3325 impertiissetis,
2140 3238 2175 3305 id

157 3323 225 3389 bat.
269 3318 329 3386 ille
361 3323 550 3405 respondit,
583 3343 723 3390 senon
752 3325 865 3411 iniquo
898 3327 1009 3392 animo
1036 3324 1139 3405 ferret
1191 3326 1257 3397 est,
1275 3336 1342 3385 non
1356 3319 1510 3407 ingerere
1521 3341 1560 3386 se
1573 3322 1719 3401 curiose,
1739 3318 1887 3409 μακάριος
1906 3328 1974 3408 tiles
1984 3328 2036 3389 nai
2056 3322 2174 3409 etuti»,

157 3407 247 3495 quod
268 3428 343 3474 euru
364 3409 472 3474 amice
493 3410 702 3489 admoneant,
726 3413 818 3495 petit,
845 3424 881 3476 ut
903 3432 1057 3481 caussam
1084 3434 1141 3478 00-
1193 3416 1245 3469 est
1267 3414 1377 3471 status
1401 3407 1488 3473 vitae
1512 3409 1629 3474 beatae
1651 3421 1683 3475 et
1704 3409 1878 3474 honestae.
1924 3408 2050 3476 Postea
2064 3410 2174 3498 seqni-

159 3505 336 3665 titi·
353 3493 529 3664 ..isitii
549 3493 1140 3650 liiii..tt¹tttti”litis
1191 3488 2174 3666 ‘tii-”tiit‘littiitiidilii't'tdtetzilini:

159 3665 379 3749 ometptmet,
402 3667 434 3730 td
457 3679 520 3747 est,
543 3666 668 3753 lingua,
692 3670 769 3753 quta
791 3631 969 3736 admodum
992 3673 1021 3736 ot
1040 3669 1140 3737 male
1191 3663 1322 3748 raptum
1344 3678 1377 3730 te
1394 3667 1437 3730 ad
1459 3627 1620 3752 negotia:
1644 3677 1681 3733 ut
1703 3690 1723 3733 a
1748 3670 1840 3734 iuves
1874 3690 1915 3735 ea
1943 3669 2058 3753 etiarn,
2087 3690 2175 3756 quae

159 3752 303 3817 dixerat:
336 3754 790 3839 voscogitate‚utmn1sit
819 3757 943 3821 dur-im.
991 3757 1139 3824 Usitatae
1191 3768 1259 3814 non
1290 3753 1428 3835 probas.
1473 3751 1521 3817 lta
1548 3773 1650 3839 saepe
1672 3753 1710 3818 fit
1731 3765 1766 3820 et
1794 3756 1826 3820 in
1854 3756 2019 3822 communi
2040 3757 2176 3836 miseria

160 3849 235 3904 sunt
257 3835 335 3902 illae
351 3840 507 3904 miserim
527 3842 625 3905 virne.
671 3842 716 3905 12¹3
736 3842 782 3906 ist
803 3842 886 3907 atro.
1191 3834 1291 3902 vitae.
1319 3836 1395 3903 Dos
1415 3840 1460 3904 ist
1476 3858 1542 3904 nun
1561 3859 1626 3905 oon
1646 3841 1754 3907 dieser
1775 3841 1927 3909 doctrina
1950 3844 1992 3907 de
2007 3836 2174 3911 iaciendis¹

246 3923 352 3990 Multo
371 3924 467 4010 plura
485 3927 565 3990 liunt
589 3947 655 3991 non
680 3928 886 4008 necessaria,
908 3931 1022 3997 maiori
1047 3952 1139 4010 cura,
1191 3924 1402 3989 secmariis.
1754 3962 1757 3967 >

158 4011 271 4074 maiori
294 4012 392 4076 animi
409 4012 586 4098 anxietate,
605 4034 704 4117 quant
717 4010 924 4080 necessaria.
969 4017 1036 4081 Dic
1052 4020 1140 4082 altat
1227 4078 1230 4083 .
1277 4007 1639 4079 Ealssl'fluhfun‘lflia
1649 4011 1928 4091 esitiid'l'hessffll·
1946 4013 2171 4101 [¹·Tl¹0⁵⁸·4·l

158 4094 260 4161 doben
279 4106 411 4180 yssopi,
444 4102 541 4160 πλείω
574 4124 713 4187 παρεργα
745 4103 846 4185 ἔργων.
892 4099 970 4166 liem
993 4105 1139 4168 Seneca:
1190 4094 1231 4161 In
1258 4094 1319 4161 ltoc
1347 4096 1512 4165 ambitiosi
1537 4099 1626 4183 sitit,
1657 4106 1695 4163 at
1712 4103 1856 4183 propria
1882 4102 2009 4186 equits:
2042 4101 2074 4168 ld
2106 4117 2170 4179 esi,

159 4180 387 4267 Mopso-pars
407 4186 497 4249 vitem
517 4185 657 4250 elabitur
677 4187 913 4271 :meyerum
932 4189 1042 4254 ,rator
1052 4210 1140 4271 pars
1190 4174 1335 4248 Mundus
1357 4197 1409 4247 est
1430 4185 1626 4249 ambitiosus
1649 4184 1682 4249 in
1705 4205 1757 4265 eo,
1781 4184 1965 4274 quodvult
1993 4189 2173 4277 peregrina

158 4270 245 4333 deae
261 4269 344 4334 nibil
364 4272 506 4354 opertdo:
529 4273 681 4350 maximo,
703 4274 795 4338 :diod
817 4275 950 4357 opertdo.
995 4275 1040 4342 Ist
1062 4277 1140 4342 seltr
1190 4288 1304 4354 agere·
1349 4270 1500 4349 ΑΜθῙῐθ,
1523 4273 1575 4336 θῑῦ
1596 4271 1679 4336 lam
1699 4272 1734 4335 ²⁶²2
1755 4277 1840 4340 alim
1858 4293 1987 4359 possen.
2026 4275 2171 4341 Mundus

160 4355 299 4420 adsueti
318 4357 386 4421 und
405 4357 507 4422 aalide
524 4358 651 4442 pererit,
683 4363 724 4425 ln
745 4362 833 4426 aum
852 4361 1063 4446 repta-,0902
1082 4384 1138 4446 93.
1190 4350 1292 4417 habet
1312 4352 1521 4421 inhonestam
1544 4357 1753 4440 cupiditatem
1776 4358 1917 4445 gloriae,
1950 4382 2067 4446 nempe
2089 4358 2170 4427 soris

159 4440 279 4507 rabiem
310 4442 452 4507 sutrim:
485 4455 521 4509 ut
535 4510 538 4515 ,
552 4460 643 4511 auno
671 4447 703 4509 in
731 4447 932 4531 Augus-mnu
960 4461 1139 4515 conventu,
1190 4458 1322 4525 sapere.
1365 4441 1440 4531 Ego
1474 4439 1572 4508 aliam
1595 4445 1692 4510 uobis
1715 4443 1867 4531 regulam
1889 4448 2002 4527 trado,
2030 4444 2176 4528 scilicet,

158 4525 243 4621 Ma„
258 4529 307 4593 ,εει
330 4533 382 4593 a„
402 4529 478 4597 ms
498 4529 575 4597 talu·
595 4531 890 4617 wanffyetqqm,
913 4554 980 4605 was
995 4535 1140 4605 mm,
1191 4525 1234 4590 de
1256 4522 1399 4592 honesta
1420 4528 1608 4595 ambitione.
1653 4528 1721 4596 lam
1743 4530 1955 4599 considerate
1977 4529 2171 4620 appellatio·

158 4614 364 4705 disperditi
379 4615 466 4683 Gaii
487 4617 577 4698 tocie,
600 4616 656 4682 tet
677 4621 766 4683 raerd
784 4641 821 4687 es
842 4622 1005 4689 mount:
1026 4638 1143 4709 raptae·
1190 4630 1252 4677 ¹¹0⁸
1275 4614 1442 4679 virtutum.

158 4697 327 4785 Spirensis
352 4714 537 4787 corruentes
547 4702 636 4769 Acta
658 4705 791 4789 quidam
813 4702 943 4772 facetus
961 4708 1139 4796 magnifico

158 4787 293 4872 scripsit
315 4787 424 4866 titulo,
447 4800 481 4852 et
504 4789 614 4874 posuit
634 4787 757 4877 aliqua,
775 4794 892 4859 nesdo
914 4814 1011 4880 quae.
1057 4796 1139 4863 Post

157 4884 270 4939 autem
288 4871 420 4961 reliquit
450 4872 573 4962 aliquot
596 4876 737 4962 paginas
758 4899 897 4959 vacuas,
919 4891 954 4947 ut
968 4881 1138 4969 significa

158 4969 224 5039 ret,
249 4957 331 5026 nibil
351 4973 462 5030 actum
484 4957 648 5039 suissuia
664 4975 735 5033 toto
758 4976 942 5041 conventu:
974 4965 1139 5037 undans

157 5043 340 5217 mtto
368 5049 522 5163 intente
560 5046 650 5123 velle
682 5068 739 5131 stt.
782 5071 869 5139 quse
900 5052 935 5117 ir
953 5064 1143 5138 portum,
1263 5094 1268 5103 .

298 5176 308 5209 ,
507 5156 602 5211 νή..
670 5180 700 5193 ..
740 5178 755 5209 ,.
806 5152 822 5183 .·
896 5150 997 5207 ·.,.,·,,.,
1074 5176 1145 5211 :···.»

313 5252 461 5297 timis.
474 5255 557 5298 OPBB.
571 5254 634 5300 Vol..
649 5256 716 5297 XXV.
