4620 5588
142 212 209 280 sm
299 279 304 287 ,
338 273 341 277 ,
829 206 1050 276 eusruma
1067 176 1467 275 arrsaurnouraua
2090 210 2157 279 mo

143 407 218 486 ruff
232 400 294 468 der
314 402 441 467 uttdertt
462 402 558 485 virga
579 397 735 462 Aaronis.
768 396 923 470 Quataor
944 393 1123 460 drachmae
1175 395 1229 456 dre
1246 393 1344 459 huben
1367 395 1446 460 mach
1467 417 1504 458 ro
1521 395 1597 478 lonp
1618 404 1709 459 anter
1730 398 1799 462 sich
1820 397 2012 480 tumultuin,
2039 398 2090 462 bis
2108 403 2156 462 rie
2183 454 2191 475 ,

144 498 222 554 sunt
242 494 297 554 ein
318 488 430 553 holder
450 487 565 553 [lauder.
599 480 827 548 Didractrmon
849 489 904 548 eitt
925 485 1009 548 ortd.
1042 478 1123 544 Pro·
1175 480 1236 542 den
1257 502 1388 563 pressea
1410 481 1502 565 copel
1528 482 1587 544 dea
1615 481 1753 545 tuream
1774 483 1866 548 butu
1893 504 1998 568 repen.
2043 485 2157 573 Argu-

143 575 251 660 portio
291 576 388 641 tamt
428 574 651 655 unpeseltrdcd
688 589 749 635 uon
787 570 896 634 Zeten
933 588 974 634 er·
1006 567 1122 632 amen.
1176 579 1320 634 mentum
1343 568 1540 634 ludaeorum
1563 579 1652 634 erat:

142 663 286 728 aestuet
309 659 350 723 10
368 657 556 761 drachmas
566 655 696 742 argenti
717 673 758 719 su
779 661 872 760 aner
891 656 1025 735 honen,
1043 655 1124 717 oder
1303 687 1380 750 pm
1401 688 1507 770 templ,
1527 696 1599 752 mn,
1616 689 1830 768 (gemma,
1850 695 1926 774 μὴ
1946 690 2061 756 pam
2077 713 2158 774 pn,

144 758 221 810 octo
235 744 410 811 drachmas
429 756 558 831 ὃῐὲθῦῑῑ
578 746 653 824 ‘ull’
665 746 761 807 ‘'me’'
782 741 975 806 Re‘mwm
993 741 1123 820 W'm’
1350 776 1511 834 miser'ouee
1531 783 1561 836 et
1582 776 1751 839 mandatu:

142 854 181 899 eo
208 850 292 897 were
324 833 377 896 erit
409 833 521 896 holder
538 831 659 910 qtddett
680 833 733 892 erit
755 822 877 889 Siclus.
922 823 1033 889 Pretia
1056 844 1122 888 nre·
1304 859 1394 921 Hm
1411 863 1547 941 pecunia
1568 869 1614 922 m
1636 863 1737 923 ew
1805 861 1848 925 B:

142 915 298 984 tallururu
320 919 383 982 iarn
406 927 599 993 creverunt,
627 925 660 978 et
706 912 770 977 uod
799 910 881 977 fiunt
910 909 997 975 tales
1019 922 1123 1011 muta:
1303 944 1391 1026 ΒΨ
1412 965 1476 1008 m
1497 954 1547 1013 m
1569 947 1679 1009 danda
1699 882 1861 1010 amm·

143 1005 264 1083 tiones,
288 1001 322 1068 tit
340 998 460 1068 malitia
476 1000 655 1067 hominum.
719 1019 758 1064 ae
769 1003 813 1063 iet
827 996 992 1063 ordinaria
1011 992 1123 1081 templi

143 1091 260 1175 pensio
289 1108 453 1171 pererrat,
484 1089 553 1154 und
570 1094 647 1167 suut
670 1085 732 1150 der
751 1092 838 1150 teet:
869 1081 1039 1166 empore:
1058 1100 1123 1148 uon

142 1179 334 1252 duruhueat,
362 1181 395 1241 et
420 1175 534 1241 dmttee
561 1191 626 1238 non
646 1173 776 1237 attens
825 1168 920 1236 Deus
948 1165 1052 1234 voluit
1072 1166 1123 1231 sic

141 1256 201 1327 illa
238 1260 366 1325 servari
408 1260 624 1346 proportione
665 1254 905 1333 Arithmetica,
941 1250 1123 1339 praeclusit

141 1350 228 1415 viam
250 1347 433 1412 ambitiosis
455 1344 657 1421 bominibus,
678 1341 811 1407 etitem
832 1339 1008 1428 Tyrannis.
1049 1337 1121 1404 Len

143 1433 251 1499 divine
272 1428 376 1499 habet
396 1428 565 1497 mirabiles
587 1430 754 1506 rationes,
787 1439 821 1492 et
854 1441 964 1492 tamen
993 1426 1122 1511 sapien·

141 1520 270 1585 tissime
302 1517 483 1583 constituta
514 1530 577 1586 est.
633 1515 670 1580 ln
691 1510 768 1600 lege
795 1515 840 1579 ist
859 1522 953 1580 sonet
977 1516 1054 1594 suff
1068 1514 1123 1578 die

140 1625 305 1692 personas
326 1605 423 1670 aetna
450 1606 567 1688 pensio
586 1609 717 1684 perstat,
738 1601 824 1665 dean
840 1601 939 1665 aare.
984 1602 1046 1664 Die
1066 1597 1122 1662 de·

141 1687 246 1757 cimae
274 1693 381 1772 peden
412 1695 488 1774 cerff
509 1693 563 1757 dte
590 1696 697 1770 pater.
749 1684 913 1752 Darnueh
939 1687 1013 1751 tou
1033 1689 1123 1749 retae

141 1796 231 1844 must
262 1782 321 1843 nttt
345 1777 409 1842 dea
440 1775 687 1860 primogenitis,
724 1774 779 1839 dte
813 1791 889 1838 nme
913 1773 970 1838 dut
991 1788 1123 1836 musaeu

142 1865 310 1931 reuertar.
625 1932 628 1937 ,
849 1934 853 1941 .
1260 1854 1548 1943 Maioremprobu
1571 1878 1630 1943 per
1652 1855 1838 1943 exemplum
1861 1857 2148 1926 Maccahaeorum.
2212 1918 2217 1926 .

230 1953 307 2015 Dies
324 1955 369 2014 tet
387 1967 455 2014 aun
475 1949 535 2013 der
557 1964 658 2012 casus
677 1962 835 2026 petresse
879 1939 975 2007 Deus
997 1937 1122 2024 templo
1174 1940 1317 2008 Primum
1352 1944 1540 2029 respondeo
1574 1943 1616 2008 de
1648 1941 1925 2010 dtsstnrtltmdtne:
1965 1944 2151 2011 Antiochus

142 2035 289 2113 attribuit
309 2033 398 2098 hanc
425 2036 626 2118 pensionem.
685 2028 827 2094 Ronmni
860 2027 1010 2093 uiderunt
1044 2044 1122 2090 esse
1173 2049 1241 2092 non
1259 2040 1384 2094 tantum
1408 2025 1546 2094 tollebat
1563 2031 1735 2113 pecuniam
1750 2028 1874 2114 templi,
1898 2032 1959 2096 sed
1971 2029 2151 2113 αὐτονομίαν

144 2141 296 2209 stagnum
319 2119 506 2205 pecuniam,
528 2124 579 2186 ate
595 2112 829 2185 oenatttttttttt
840 2133 949 2179 mares
962 2131 1123 2193 pervasere,
1174 2111 1295 2180 cultus.
1318 2112 1515 2180 collocabat
1537 2116 1582 2180 ibi
1603 2126 1745 2181 statuam
1768 2114 1857 2181 loris
1883 2108 1979 2203 Olym
2004 2119 2025 2182 ii
2049 2131 2081 2182 et
2104 2120 2150 2183 in·

143 2215 203 2273 tete
234 2206 307 2273 eice
339 2216 434 2272 toene
463 2210 548 2287 potis
576 2223 736 2286 peterten.
792 2200 859 2266 Sed
893 2196 997 2265 multo
1018 2198 1123 2262 maior
1174 2198 1358 2266 terliciebat
1386 2200 1600 2266 Sacerdotes.
1643 2200 1782 2267 Romani
1814 2199 1907 2267 illurn
1937 2224 1956 2267 c
1992 2215 2059 2268 tum
2081 2225 2148 2269 non

63 2326 69 2337 ·-
142 2289 203 2359 fuit
235 2290 408 2369 multitudo
442 2289 583 2357 florente
616 2285 809 2374 Republica.
869 2283 938 2349 lmo
971 2286 1004 2347 in
1035 2282 1122 2348 obsi·
1173 2281 1349 2353 tollebant:
1380 2287 1433 2358 sie
1454 2284 1549 2353 Deus
1582 2288 1754 2375 mitigavit,
1778 2299 1814 2354 nt
1833 2267 1975 2354 liomani
1997 2308 2058 2354 eos
2081 2301 2149 2354 tan-

143 2379 241 2442 dione
262 2389 432 2462 postrema
463 2370 735 2460 hierosolymae,
768 2385 893 2458 quanta
920 2367 981 2435 luit
1012 2365 1122 2433 adhue
1173 2383 1241 2436 tum
1263 2384 1441 2459 gravarent
1461 2374 1496 2439 in
1518 2393 1555 2438 re
1577 2371 1755 2460 corporali,
1778 2394 1845 2439 non
1866 2374 1901 2438 in
1919 2370 2021 2439 cultu.
2054 2374 2149 2441 Deus

142 2459 317 2529 multitudo
339 2458 551 2529 ludaeorum!
595 2456 736 2526 Rotnani
757 2459 911 2527 viderunt
931 2454 1021 2519 illam
1043 2474 1122 2519 csse
1173 2458 1314 2524 subiecit
1341 2456 1434 2525 illum
1456 2456 1612 2544 populum
1634 2461 1796 2538 servituti,
1818 2472 1926 2525 tumen
1948 2461 1999 2523 sic
2022 2461 2090 2526 miti
2115 2482 2149 2526 a·

12 2574 48 2631 ‘.
143 2542 390 2631 instrumentum
414 2548 617 2633 seditionum,
631 2547 797 2632 inquietae
820 2543 922 2629 genti,
956 2560 1041 2628 quae
1061 2536 1123 2605 luit
1174 2555 1240 2622 tae,
1262 2555 1298 2609 ut
1320 2542 1463 2692 populus
1485 2546 1643 2610 retineret
1663 2543 1837 2627 αὐτονομίαν
1856 2547 1889 2610 in
1902 2542 2056 2612 cultilius.
2113 2568 2150 2608 m

142 2625 359 2720 φιλοθὲρνβος,
382 2645 504 2719 ctncn
526 2623 716 2719 δραστήριος.
759 2633 856 2696 Wentt
871 2649 949 2695 utun
970 2631 1023 2694 etit
1044 2628 1123 2708 ditty
1173 2633 1216 2692 ist
1238 2631 1280 2694 de
1301 2628 1446 2697 haiore:
1474 2630 1551 2692 Iura
1568 2630 1676 2713 templi
1696 2640 1766 2697 eunt
1790 2631 2005 2711 delendmrda,
2028 2631 2060 2697 id
2084 2644 2149 2713 est,

137 2714 318 2804 iumtdnpt,
345 2722 413 2786 mu
431 2721 585 2787 ertuwclt
606 2716 818 2799 nachdntelrt,
846 2717 915 2781 und
942 2715 1123 2796 aursultret,
1174 2735 1259 2803 quae
1281 2728 1359 2780 sunt
1380 2717 1452 2782 iura
1474 2718 1645 2783 doctrinae
1667 2728 1700 2784 et
1711 2718 1940 2784 invocationis.
1962 2717 2054 2783 Haec
2070 2729 2150 2785 sunt

1260 1079 1463 1171 Allegarunt
1485 1083 1584 1149 ctiam
1597 1083 1783 1170 exemplum
1794 1083 2085 1165 Maccahaeorum,
2096 1086 2154 1152 ‹le-

1174 1165 1377 1234 seudentium
1412 1167 1569 1255 templum
1597 1183 1713 1256 contra
1744 1171 1955 1238 Antiochum.
2005 1168 2152 1253 Quaero,

1174 1276 1217 1320 an
1240 1253 1437 1341 exemplum,
1459 1258 1503 1320 sit
1520 1254 1642 1322 similer
1667 1269 1701 1322 et
1721 1279 1765 1323 an
1779 1257 1917 1322 Romani
1939 1268 2062 1323 tantum
2076 1255 2154 1325 mali

1174 1337 1324 1420 fecerint,
1347 1355 1507 1427 quantum
1529 1340 1744 1408 Antiochus?
1773 1340 1877 1408 Multa
1900 1355 1979 1409 sent
2002 1344 2153 1410 couside-

1173 1428 1280 1492 randa
1300 1428 1334 1493 iu
1356 1427 1578 1514 explicatione
1599 1430 1787 1516 arguntenti
1808 1429 1981 1515 propositi.

1303 1548 1380 1609 Iure
1401 1548 1509 1628 templi
1529 1556 1602 1611 ruet
1625 1547 1824 1628 defendenda
1844 1550 1957 1612 arms:

1228 1661 1233 1686 ι
1303 1633 1376 1695 Hoc
1397 1635 1605 1698 didrachmum
1626 1639 1768 1697 cretius
1789 1633 1909 1715 templis

1301 1718 1391 1801 Eryu
1412 1727 1482 1782 erat
1503 1723 1598 1782 amus
1619 1721 1857 1799 defendendum.

142 2810 207 2879 dae,
224 2808 356 2895 baiesen
378 2798 578 2895 dourrp'prm,
601 2825 701 2873 acres
733 2806 765 2870 in
795 2801 940 2891 agendo.
984 2800 1122 2878 Gontra,
1174 2797 1395 2881 defendenda,
1441 2800 1731 2882 uodfitdocendo‚
1753 2804 1920 2908 patiendo,
1943 2804 2146 2886 confitendo,

143 2888 236 2967 coenet
258 2903 310 2959 ein
330 2888 410 2978 tithp
429 2896 493 2960 solt
506 2911 547 2963 att
564 2892 667 2959 huden
684 2890 800 2976 pedum,
821 2884 924 2953 multa
939 2896 1123 2963 moventur,
1172 2887 1238 2952 iuro
1260 2886 1361 2951 armis
1391 2899 1488 2953 ettam
1509 2890 1716 2966 resistend03
1739 2911 1769 2955 sr
1790 2886 1942 2955 defensio
1965 2903 2018 2955 est
2039 2892 2148 2976 possl·

142 2981 333 3063 turbantur,
368 2974 627 3045 confunduntur:
662 2977 723 3043 sed
752 2972 832 3043 nihii
873 2975 1003 3059 agitur,
1041 2967 1122 3036 nihil
1174 2970 1260 3038 bilis.
1305 2972 1502 3039 Maccabaei
1519 2973 1741 3041 defenderunt
1768 2977 1841 3041 iura
1868 2973 1998 3062 templi,
2019 2975 2150 3044 scilicet

142 3062 327 3150 perficitur:
346 3064 421 3133 Das
441 3067 519 3134 aad
537 3061 745 3151 ptiodo'pop‘lm¹
761 3073 795 3127 ct
811 3060 955 3152 ῥᾴθυμα.
989 3056 1123 3133 Sarmat
1172 3060 1306 3146 propria
1330 3058 1517 3140 doctrinae,
1546 3074 1579 3126 et
1600 3059 1745 3127 cultuum
1767 3063 1940 3147 puritatem
1961 3064 2149 3130 immediate

142 3158 203 3233 wig
219 3152 378 3219 Mamer.
435 3151 601 3225 Quantum
620 3161 687 3221 ⁴est
714 3159 952 3215 venenatarum
980 3156 1015 3211 ct
1035 3145 1122 3211 sedi·
1172 3157 1382 3294 praeceptam
1412 3167 1433 3211 a
1459 3145 1543 3212 Deo.
1588 3146 1719 3213 Deinde
1749 3149 1867 3213 armati
1894 3161 1992 3213 erant
2015 3146 2148 3216 Macca-

143 3237 301 3300 tiusarum
325 3232 531 3322 linguarum!
576 3231 669 3300 Multi
693 3228 790 3315 sunt,
818 3233 872 3336 qui
895 3229 1122 3298 vociferantur
1173 3233 1247 3299 bael
1269 3231 1426 3299 scicitate
1447 3233 1612 3299 divinitus.
1658 3234 1816 3300 Neutrum
1844 3235 1887 3299 ad
1915 3254 1953 3299 se
1981 3233 2147 3322 applicare

143 3321 313 3400 seditiose,
346 3342 423 3387 esse
450 3322 672 3387 resistendum
696 3318 850 3400 Gerasam
877 3320 982 3399 peden
1005 3338 1122 3399 orosae
1172 3329 1326 3404 poterant
1346 3320 1454 3385 ludaei
1471 3316 1537 3384 illis
1555 3321 1734 3406 postremis
1756 3322 1971 3404 temporibus.

142 3405 495 3488 sustentamine
515 3402 858 3480 seditioscslibellcS,
881 3406 1040 3486 maranen
1061 3408 1125 3471 vicl
1257 3401 1381 3471 Minor:
1404 3404 1493 3465 Haec
1508 3407 1647 3486 peeurria
1669 3413 1717 3468 est
1736 3409 1786 3467 ius
1807 3406 1923 3487 templi.
1967 3405 2018 3470 Ne
2085 3406 2148 3473 Mi·

143 3492 202 3559 mt't
221 3493 295 3558 deur
316 3495 412 3569 moal,
435 3494 466 3556 in
488 3491 560 3556 suis
572 3490 753 3575 specubus.
786 3494 836 3557 la!
854 3493 927 3554 estet
943 3508 1119 3572 pauperae,
1172 3508 1302 3554 norem:
1336 3491 1412 3575 quia
1444 3511 1511 3555 non
1540 3502 1593 3556 est
1620 3493 1755 3577 proprie
1775 3493 1827 3557 ius
1849 3488 1972 3576 templi.
2052 3493 2149 3561 einde

152 3580 242 3645 thtu
263 3579 328 3643 idat
351 3598 419 3644 reue
439 3575 529 3654 tdun,
561 3580 660 3645 raucit
676 3579 742 3659 ltin,
773 3576 905 3642 echicde
926 3577 991 3639 tta.
1035 3572 1121 3639 Sunt
1171 3574 1288 3653 etiarn,
1321 3576 1398 3662 qnia
1420 3586 1491 3641 erat
1512 3578 1578 3642 iam
1601 3576 1676 3641 finis
1698 3574 1832 3663 politiae
1854 3579 1965 3643 istius:
1998 3578 2075 3640 dass
2096 3579 2148 3644 ihr

143 3683 246 3731 avoces
267 3660 458 3743 muliebres,
487 3663 554 3729 imo
574 3662 698 3729 fatuae.
744 3660 807 3728 Est
835 3656 1066 3727 maledicentia
1087 3671 1122 3727 et
1171 3661 1224 3722 die
1257 3663 1349 3727 nervi
1372 3665 1618 3743 cremensem,
1648 3659 1706 3728 luit
1738 3663 1868 3749 signnm
1901 3663 1977 3729 finis
1999 3663 2146 3751 politiae.

143 3750 336 3835 inquietudo
370 3744 472 3815 fatua.
527 3752 574 3817 Ee
602 3756 647 3816 iet
676 3748 737 3814 wie
763 3746 1008 3830 Aristophanes
1037 3755 1121 3829 sapt,
1171 3747 1249 3813 ideo
1266 3745 1419 3813 homines
1441 3749 1628 3834 sapientes,
1657 3748 1839 3814 Zacharias
1867 3760 1900 3815 et
1923 3749 2057 3816 Simeon
2079 3752 2145 3818 dis-
2194 3753 2198 3763 '

35 3889 41 3897 .
143 3834 278 3921 πράττει,
302 3826 455 3918 (locheles,
483 3839 535 3899 eui
557 3836 594 3920 τῇ
613 3833 726 3919 γλώττῃ
747 3836 909 3914 πολεμίζει.
964 3834 1044 3899 Alto
1060 3839 1121 3898 itis

139 3943 288 4004 peweseu
310 3922 372 3989 dua
389 3920 589 4004 odmtoeedttp
605 3924 694 3987 oolelt
714 3916 770 3983 illo
793 3933 952 4005 tempore.

232 4007 393 4073 Viderunt
415 4004 565 4093 exempla
587 4006 732 4076 Petrum.
754 4004 876 4085 David,
898 4003 1067 4089 iosaphat,
1086 4015 1121 4069 et

144 4091 299 4174 aliorum,
327 4094 384 4181 qui
400 4106 588 4180 ,gesserunt
618 4089 708 4157 bella
729 4095 930 4158 neccssaria.
976 4092 1041 4175 lpsi
1062 4112 1121 4156 vn·

144 4178 276 4246 luerunt
299 4200 379 4245 esse
400 4179 519 4245 horum
541 4176 684 4244 similes.
722 4178 861 4252 Quoties
883 4190 1120 4243 semoverunt

146 4280 263 4332 ccrrtra
295 4262 479 4332 Romanum
513 4263 703 4350 imperium!
733 4266 795 4330 sed
827 4262 961 4330 frustra.
1012 4262 1118 4327 Etiam

145 4366 223 4435 post
235 4354 374 4418 dirutam
391 4350 547 4435 politiam,
559 4364 669 4416 tamen
682 4348 816 4417 fuemnt
833 4349 990 4415 seditiosi.
1020 4348 1137 4428 Werf·.

141 4438 198 4516 feu
219 4440 308 4499 maen
329 4439 409 4520 cerff,
438 4438 498 4499 den
526 4440 572 4498 sie
597 4436 717 4501 heisten
739 4433 896 4516 Stellam,
924 4438 966 4501 dc
988 4436 1053 4521 qua
1076 4437 1119 4501 dl·

147 4534 235 4588 ctum
254 4536 361 4589 essct:
381 4524 508 4587 Orictur
529 4522 622 4586 stella
643 4543 686 4583 ex
706 4522 817 4590 Jacob.
840 4519 901 4587 llla
918 4535 994 4588 sunt
1010 4524 1119 4609 imago

148 4610 251 4674 nostri
274 4621 337 4672 tem
363 4611 452 4677 oris:
485 4611 572 4675 sicut
603 4608 763 4673 historica
790 4611 823 4674 in
845 4606 1053 4696 Thucydide,
1086 4620 1120 4674 et

144 4694 324 4774 Ἑλληνικοῖς
378 4693 576 4781 enophontis
608 4705 687 4760 sunt
707 4696 817 4782 imago
848 4695 966 4761 horum
996 4705 1121 4779 tempo·

147 4803 230 4845 rurn.
280 4778 350 4844 Wie
377 4781 430 4842 dia
459 4780 580 4846 Graeci
614 4802 655 4846 ex
683 4779 860 4848 levissimis
888 4782 1019 4848 caussis
1052 4782 1121 4843 eine

146 4865 233 4929 State
254 4865 335 4931 nach
357 4866 414 4928 der
436 4868 535 4929 :ruder
555 4867 747 4949 beirieptem
772 4867 912 4933 marhteu
929 4868 1026 4948 siricii,
1047 4867 1122 4930 ubet·

147 4955 198 5011 eia
219 4952 293 5018 hold
315 4951 388 5016 ioht
404 4954 494 5034 fielere
513 4957 560 5015 sie
581 4955 697 5017 wieder
718 4959 751 5015 iu
769 4955 929 5028 eireouder,
952 4955 1002 5021 bia
1019 4973 1052 5014 es
1072 4975 1120 5016 za-

147 5038 217 5099 letzt
237 5060 299 5122 pur
320 5039 390 5119 cerff
403 5042 491 5101 dnm
512 5040 633 5121 hrruffeu
650 5041 711 5123 fiel.
757 5040 844 5106 ldem
873 5041 1003 5107 accidet
1026 5041 1121 5104 inise-

147 5146 204 5191 rae
226 5139 259 5194 ct
281 5124 428 5193 afflictae
451 5124 660 5195 Germaniae.
688 5127 734 5191 So
753 5130 832 5211 einp
849 5149 882 5190 ee
902 5129 936 5193 in
957 5124 1120 5215 Ungaria,

1170 3846 1349 3899 suaserunt
1369 3853 1472 3900 arma.
1516 3836 1589 3902 Vos
1623 3834 1779 3922 allegatis
1808 3834 1992 3923 exetnplunr
2013 3836 2145 3905 Macca-

1172 3921 1348 3984 baeorum:
1381 3920 1448 3986 hoc
1480 3942 1547 3986 non
1579 3934 1631 3987 est
1667 3918 1785 3986 simile.
1830 3922 2016 3988 Antiochus
2043 3921 2149 3993 voluit

1170 4003 1286 4071 delere
1315 4003 1452 4073 cultum:
1485 4006 1626 4074 Romani
1660 4028 1726 4073 non
1760 4003 1873 4072 delent
1906 4004 2042 4075 cultum.
2088 4009 2148 4077 Se·

1170 4093 1281 4159 eundo
1309 4091 1505 4160 Maccabaei
1537 4097 1688 4160 sciebant
1721 4094 1867 4159 nondum
1895 4095 2018 4160 adesse
2047 4093 2147 4163 finem

1170 4175 1319 4264 politiae:
1342 4181 1406 4246 ianr
1427 4194 1480 4247 cst
1500 4178 1588 4245 linis.
1611 4180 1702 4259 item,
1729 4179 1799 4241 Wir
1815 4180 1889 4240 aad
1910 4180 1965 4244 die
1985 4179 2148 4247 tmtntctu
2268 4221 2284 4236 κ

1170 4265 1325 4342 tramam,
1346 4287 1412 4333 non
1435 4267 1517 4332 satis
1539 4276 1593 4333 est
1615 4266 1794 4332 seditiosas
1813 4285 1915 4332 voces
1932 4268 2032 4333 edere
2044 4280 2078 4334 et
2088 4265 2161 4351 lin-¹.

1171 4372 1240 4439 gua
1261 4348 1461 4440 belligerari.
1949 4414 1952 4420 .

1257 4436 1318 4502 Est
1346 4459 1463 4504 recens
1496 4439 1603 4504 editus
1630 4435 1777 4504 libellus.
1820 4438 1897 4500 Mau
1918 4436 1982 4499 soll
1999 4438 2161 4525 schlapen,

1171 4524 1232 4585 den
1258 4523 1395 4587 Turclten
1417 4525 1482 4587 aad
1503 4524 1633 4609 Keprer.
1684 4524 1760 4587 Wus
1780 4527 1839 4600 isi,
1860 4524 1938 4586 dass
1958 4528 2043 4587 einer
2059 4527 2148 4591 metit

1171 4610 1320 4676 inebriet
1341 4611 1422 4673 &tta
1444 4611 1551 4677 tuba?
1573 4614 1646 4676 etat
1667 4613 1701 4671 in
1723 4613 1818 4672 ciuem
1831 4608 1966 4699 angulo,
1983 4613 2051 4677 edit
2062 4611 2147 4680 elas·

1172 4701 1277 4762 sicnm
1299 4698 1483 4782 seditionis,
1516 4710 1550 4763 ct
1578 4699 1646 4784 agit
1672 4699 1745 4763 sine
1767 4708 1942 4784 potestate.
1985 4696 2090 4764 Etiam
2111 4699 2145 4765 ln

1172 4778 1261 4847 bello
1285 4781 1484 4851 Germanico
1507 4782 1637 4869 quidam
1660 4785 1780 4849 edebat
1801 4779 1930 4866 librum,
1952 4785 2041 4869 quod
2053 4781 2148 4853 Chri·

1171 4869 1271 4934 stiani
1293 4891 1358 4934 non
1382 4872 1541 4935 deberent
1564 4867 1654 4934 lerre
1676 4870 1792 4953 impios
1814 4867 2042 4955 Magistratus.
2087 4870 2147 4940 isti

1171 4975 1287 5020 omnes
1309 4969 1388 5023 sunt
1416 4955 1566 5023 homines
1594 4957 1757 5021 seditiosu
1787 4952 1904 5021 volunt
1932 4976 2010 5020 esse
2037 4955 2144 5024 fortes

1170 5038 1281 5106 alienu
1292 5039 1450 5129 periculo.
1478 5040 1547 5107 We
1563 5040 1660 5106 rolleu
1671 5040 1856 5122 natatem,
1873 5042 1931 5102 wie
1949 5040 2143 5126 Zacharias,

1170 5127 1317 5209 Simeon,
1336 5128 1446 5209 Anne,
1467 5126 1585 5208 Maria,
1598 5128 1730 5215 loseph,
1740 5128 1806 5191 rard
1817 5127 1933 5190 dudm
1937 5136 2012 5212 pute
2019 5128 2145 5217 buttem

1886 5247 1940 5302 tt·
