4620 5588
167 230 233 300 tto
783 155 792 173 ⁸
854 220 1075 293 Postilla
1091 220 1492 335 mnanruorttalts„
2115 220 2184 293 hd·

254 419 322 486 Ubi
343 427 398 485 est
430 413 651 484 affirmativa?
694 415 764 502 Epo
785 435 855 481 scm
875 414 1035 481 Doruimts
1056 412 1149 478 Deus
1199 409 1353 478 Horuiaes
1374 411 1950 498 nihilopeadomolcoperedisctmt:
1972 413 2183 482 mammet

168 518 259 575 tuns:
292 518 326 572 et
356 518 412 572 est
442 504 591 571 additum
622 502 862 582 testimouium,
895 514 929 568 et
955 498 1147 587 patefactio,
1195 496 1298 579 sciret
1318 499 1417 580 nicht,
1449 500 1513 566 das
1544 503 1587 565 ist
1613 501 1746 585 peona
1777 518 1865 565 netu
1893 520 1930 565 er
1951 500 2056 566 :dchts
2076 501 2182 570 recht·

192 616 267 661 uem
289 591 370 659 velit
392 612 432 657 se
454 591 615 679 agnosci:
645 590 705 674 qut
734 589 835 653 educi
865 595 897 653 te
924 608 964 654 eu
986 589 1148 736 Aegypto.
1199 583 1365 668 schoffeus
1386 607 1424 652 :n
1448 586 1526 652 than
1546 587 1616 666 hut,
1639 607 1676 653 so
1697 586 1768 667 that
1789 606 1827 652 er
1847 588 1900 651 ein
1920 605 1984 672 urp
2001 588 2089 673 disp.
2133 588 2182 656 lta

167 617 240 749 llos
264 701 331 745 non
363 675 592 764 amplectimur
622 673 732 742 Deum
765 672 923 754 brachiis,
957 685 994 740 ut
1026 694 1079 738 mo
1095 691 1148 737 em
1200 672 1279 738 dicit
1300 670 1478 759 Euripides
1511 675 1544 739 in
1566 671 1720 741 Hecuba:
1755 672 1889 740 Otiosas
1921 675 2101 752 exercitus,
2133 681 2184 742 est

169 786 386 853 corpoream:
417 764 493 830 ideo
521 773 653 849 oportet
676 781 740 826 nos
762 761 796 826 in
819 762 924 826 verbo
946 781 1022 827 eum
1044 775 1148 845 agno·
1199 760 1286 825 odat
1306 760 1496 824 incendium.
1534 758 1632 824 Wenn
1654 761 1706 824 cin
1728 758 1909 845 ltriepauollt
1930 761 2017 845 ledip
2037 761 2093 839 ist,
2114 760 2184 828 aad

170 873 284 920 scere:
313 862 346 918 et
367 848 464 915 Deus
485 869 619 934 semper
640 848 766 914 addidit
786 848 1010 914 testimonium
1031 847 1147 912 verbo.
1199 844 1258 910 hot
1278 847 1385 911 nicht:
1405 865 1445 911 za
1466 846 1555 924 then,
1578 866 1617 911 so
1637 846 1738 912 matht
1756 866 1790 911 es
1812 848 1899 913 aum
1919 847 2109 912 motwillen:
2135 844 2184 914 let

170 940 234 1006 llic
256 952 308 1004 est
328 933 569 1024 igiturcultus
592 935 688 1019 primi
710 933 898 1021 praecepti,
930 933 1055 1020 agnitio
1078 929 1149 998 veri
1200 930 1283 998 auch
1300 927 1376 1013 fust
1397 935 1470 999 uiso
1492 952 1568 997 curn
1589 930 1808 998 scholastico.
1855 932 1990 999 Otiosus
2010 930 2182 1000 scholasti·

169 1025 245 1104 Dei,
279 1026 386 1104 timor,
418 1022 550 1095 fiducia,
584 1018 733 1099 dilectio,
762 1039 856 1106 spes,
890 1017 1071 1098 humilitas,
1093 1038 1150 1104 pa·
1200 1038 1257 1084 cus
1278 1026 1326 1083 est
1347 1020 1432 1084 sicut
1448 1019 1643 1086 incendium:
1673 1017 1790 1084 chns
1810 1018 1905 1084 ihneo
1925 1019 2180 1102 murmurat,

170 1112 299 1194 tientia3
322 1110 405 1174 haec
427 1123 506 1174 sunt
539 1127 641 1194 opera
666 1109 813 1194 positiva
835 1103 1052 1172 affirmativae
1063 1103 1148 1190 legis
1199 1106 1257 1170 mit
1278 1106 1348 1170 dom
1370 1107 1546 1185 studicren,
1580 1124 1618 1171 sc
1639 1104 1764 1187 lunffen
1789 1107 1837 1170 sie
1857 1106 1940 1186 amb,
1963 1107 2031 1172 aad
2052 1107 2182 1173 werden
2224 1095 2230 1115 '

170 1198 278 1265 huius.
322 1195 447 1260 Postea
467 1195 689 1280 prohibentur
710 1192 822 1259 cultus
844 1195 989 1258 omnium
1009 1190 1149 1258 aliarum
1199 1191 1393 1277 muthwitlip.
2174 1243 2178 1251 .

170 1304 293 1358 rerum,
317 1302 403 1368 quae
424 1301 493 1345 non
514 1293 592 1345 sunt
612 1279 720 1353 Deus,
743 1279 961 1365 prohihentur
982 1279 1149 1342 adoratio·
1287 1277 1490 1362 Respondes
1514 1289 1624 1344 antem
1645 1279 1689 1343 ad
1712 1289 1957 1364 argumentum:
1984 1277 2061 1344 Non
2084 1299 2179 1363 prae·

168 1389 230 1435 nes
264 1366 443 1446 hominum,
476 1381 673 1447 statuarum,
706 1379 916 1443 sanctorum,
950 1376 983 1431 et
1013 1362 1149 1449 angelo·
1201 1365 1321 1450 cipitur
1342 1362 1536 1451 simpliciter
1557 1365 1672 1443 otium,
1705 1367 1766 1430 sed
1796 1363 2013 1431 sanctificatio
2040 1367 2073 1431 in
2097 1364 2181 1431 Sah-

168 1476 252 1522 rum.
297 1453 392 1522 Deus
414 1451 486 1519 vult
507 1474 587 1519 sea
613 1454 723 1532 nosci,
745 1453 832 1517 sicut
854 1471 894 1516 se
939 1447 1084 1530 atesecit,
1115 1460 1149 1515 et
1172 1505 1178 1526 ,
1201 1452 1293 1517 hato.
1347 1451 1394 1518 Er
1426 1451 1527 1518 stehet
1560 1470 1736 1538 expresse:
1774 1448 1950 1518 Sabbatum
1982 1451 2182 1540 sanctifices:

170 1540 250 1619 coli,
274 1541 362 1607 sicut
387 1540 522 1605 tradidit
544 1474 685 1605 ochum:
711 1535 783 1604 vult
804 1557 868 1603 nos
881 1473 1059 1624 colligatos
1071 1556 1149 1603 csse
1201 1537 1287 1602 diem
1308 1538 1484 1643 septimum
1506 1538 1609 1603 duces
1632 1557 1711 1604 esse
1733 1548 1900 1602 sanctum:
1934 1535 2040 1602 facias
2075 1556 2179 1624 opera

171 1649 246 1706 cum
264 1629 355 1712 ipso:
386 1627 472 1692 sicut
494 1624 619 1691 Paulas
641 1625 760 1712 inquit:
790 1624 887 1703 Quod
906 1624 992 1711 fiam
1012 1625 1058 1691 sit
1079 1624 1150 1688 mis·
1200 1637 1320 1689 saneta
1351 1646 1385 1689 m
1419 1624 1578 1690 Sabbata.
1623 1623 1660 1688 ln
1693 1626 1821 1689 minore
1852 1622 2068 1710 intelligatur,
2091 1624 2181 1711 quod

171 1732 238 1783 stas,
261 1721 297 1778 nt
320 1712 452 1797 redigat
474 1713 581 1778 omnia
602 1712 648 1776 ud
668 1731 764 1776 naum
786 1711 1150 1796 remunerarentur
1201 1709 1384 1777 Sabbatum
1402 1711 1446 1776 sit
1469 1712 1583 1791 otium,
1616 1710 1706 1797 qnod
1729 1711 1773 1775 ad
1796 1730 1917 1795 operes
1941 1708 2085 1776 serviles
2108 1710 2179 1777 atti·

172 1801 260 1866 coelo
281 1807 313 1864 et
333 1801 368 1864 in
390 1807 493 1863 terro.
536 1797 663 1864 Natura
685 1801 736 1862 sic
758 1808 811 1862 cst
833 1798 977 1869 condita,
1000 1807 1035 1861 ut
1053 1794 1148 1863 Deus
1200 1808 1268 1878 net,
1288 1816 1357 1862 non
1379 1797 1470 1883 quod
1492 1799 1533 1862 ad
1558 1817 1662 1883 opera
1683 1797 1862 1862 ministerii.
1891 1793 1984 1877 ltem,
2007 1798 2097 1883 quod
2111 1816 2180 1885 non

172 1888 215 1952 sit
238 1898 349 1972 caput,
383 1895 416 1950 et
443 1881 553 1971 angeli
589 1897 621 1950 et
641 1883 794 1948 homines
816 1885 882 1948 sint
899 1885 1059 1961 membra,
1083 1883 1147 1949 suh
1201 1884 1244 1947 sit
1267 1885 1369 1949 otium
1390 1879 1626 1970 principaliter,
1650 1884 1712 1950 sed
1734 1883 1824 1988 quod
1845 1882 2072 1967 principaliter
2088 1902 2180 1971 prae-

171 1969 230 2038 illo
253 1992 292 2037 ca
317 1974 360 2037 ite
382 1970 559 2035 coniuncta
581 1982 615 2035 et
637 1967 804 2056 copulata.
850 1965 1015 2035 Diabolus
1039 1968 1080 2034 de
1102 1965 1148 2033 se·
1200 1970 1341 2056 cipiatur
1363 1969 1575 2037 conservatio
1598 1970 1767 2036 ministerii
1790 1966 2031 2037 Ecclesiastici.
2080 2021 2097 2043 .,

171 2060 257 2124 cita
316 2077 373 2134 eu:
396 2067 428 2121 et
450 2053 573 2121 avulsit
594 2057 692 2121 etiam
714 2075 778 2121 nos
799 2075 820 2120 a
842 2057 962 2140 eapite:
986 2056 1046 2120 sed
1059 2052 1148 2119 iilius
2085 2050 2100 2098 >¹

170 2145 235 2211 Dei
258 2145 380 2209 missus
404 2154 466 2215 est,
488 2154 526 2206 ut
546 2143 678 2228 redigat
699 2141 851 2207 homines
872 2142 916 2206 ad
935 2139 1016 2207 illud
1037 2151 1147 2226 caput,

170 2243 208 2297 ut
229 2250 347 2296 rursus
373 2226 479 2294 facias
506 2229 668 2316 integram
689 2225 780 2292 illum
804 2225 1062 2313 copulationem,
1091 2247 1148 2293 na·

170 2327 265 2382 turae
282 2317 414 2382 divinae
436 2325 470 2379 et
490 2315 664 2381 humanae.
693 2314 752 2378 Sic
773 2313 873 2416 igitur
894 2314 1033 2398 primum
1050 2333 1147 2398 prae·
1260 2299 1378 2404 Quae
1409 2314 1505 2386 sunt
1536 2330 1633 2415 ergo
1664 2318 1800 2415 opera*
1818 2299 2014 2388 Sabbail‘l
2052 2304 2119 2386 Vel
2182 2309 2193 2319 ”

172 2412 301 2488 ceptum
336 2403 377 2466 de
411 2400 579 2486 agnitione
612 2400 675 2465 Dei
707 2396 871 2486 loquitur,
931 2420 995 2465 uae
1028 2410 1081 2465 est
1112 2399 1146 2465 in
1475 2458 1483 2475 ,
1516 2459 1525 2476 ,
1612 2458 1635 2474 ,,
1670 2456 1679 2475 ,

171 2501 293 2567 mente,
314 2499 348 2553 et
370 2488 527 2566 motibus,
548 2487 581 2552 in
605 2482 777 2552 voluntate
798 2496 832 2551 et
855 2420 966 2551 corle.
1012 2562 1015 2567 ¹
1429 2469 1638 2542 mtnts‘tem
1667 2487 1710 2539 ln
1741 2455 1951 2542 sabbam?

258 2573 344 2647 Quid
380 2571 547 2657 praecipit¹
573 2568 668 2638 Deus
699 2573 732 2636 in
765 2571 920 2658 sequenti
951 2574 1147 2658 praecepto:

170 2658 249 2725 Noa
280 2659 456 2743 usurpabis
487 2677 600 2725 nomen
632 2657 768 2722 Domini
798 2660 860 2723 Dei
890 2660 939 2723 tui
964 2659 997 2721 in
1019 2676 1146 2724 canum.
1284 2654 1420 2722 Docere
1442 2670 1475 2723 et
1498 2657 1630 2736 audire,
1660 2657 1741 2722 oder
1762 2661 1857 2723 niman
1879 2679 1913 2723 es
1935 2659 2030 2722 utro:
2062 2658 2178 2723 venire

170 2745 243 2810 Hoc
265 2758 479 2833 praeceptum
508 2745 668 2831 praecipit
701 2746 743 2808 de
765 2745 990 2821 invocatione,
1016 2739 1147 2809 curiles·
1199 2743 1244 2807 ad
1265 2740 1431 2828 publicam
1454 2755 1488 2807 et
1508 2744 1682 2809 honestam
1707 2745 2001 2831 congregationem
2022 2743 2177 2823 docendi,

170 2832 276 2911 sione,
300 2832 480 2919 gratiarnm
503 2831 645 2910 actione,
669 2830 834 2910 doctrina,
858 2827 971 2896 officio
995 2830 1146 2896 docendi.
1199 2841 1233 2893 et
1253 2830 1408 2895 audiendi
1429 2828 1601 2914 Evangelii
1632 2850 1770 2897 caussa:
1804 2829 1867 2903 Qui
1895 2828 2020 2895 hahent
2041 2831 2179 2895 marida-

170 2915 262 2985 Haec
280 2928 356 2984 sunt
378 2913 577 2983 affirmativa
596 2937 713 3001 opera:
734 2914 897 3003 Negativa
920 2928 998 2980 sunt
1016 2925 1148 2981 contra·
1199 2927 1278 2994 tum,
1300 2928 1336 2981 nt
1358 2916 1514 2996 doceant,
1543 2913 1591 2982 illi
1613 2917 1735 2981 debent
1756 2917 1889 2996 docere,
1914 2916 2038 2982 caeteri
2061 2934 2177 2983 omnes

168 3005 217 3070 tia
239 3003 416 3091 prohibita.
460 2998 550 3068 Nihil
574 3018 625 3067 cst
647 3003 880 3083 invocandum,
902 3003 992 3088 qnod
1015 3014 1148 3068 nonest
1200 3003 1359 3066 debemus
1386 3003 1511 3068 audire.
1555 3001 1595 3067 ll.
1625 3003 1680 3067 Ad
1707 3005 1996 3068 conservationem
2025 3000 2179 3068 Geremo·

169 3089 276 3170 Deus,
297 3111 365 3157 non
388 3100 441 3154 est
462 3090 679 3175 approbanda
700 3086 788 3155 salsa
812 3089 973 3155 doctrina.
1017 3087 1149 3154 Merclt
1199 3088 1336 3154 uiarum.
1387 3086 1441 3152 ΙΙΙ.
1481 3088 1580 3168 ltem,
1620 3089 1664 3153 ad
1698 3110 1902 3155 communem
1935 3089 2178 3175 precationem:

168 3173 404 3282 die·1·egulam
425 3172 622 3326 Physicam,
649 3186 683 3241 et
716 3172 939 3281 dialecticam:
969 3176 1059 3265 quod
1092 3194 1148 3242 ne-
1199 3173 1341 3280 opfferm
1374 3175 1407 3238 id
1431 3186 1494 3255 cst,
1509 3176 1571 3280 'ud
1592 3195 1685 3240 aram
1707 3174 1828 3280 afferre
1861 3177 1997 3261 stipem,
2030 3177 2078 3280 ist
2095 3173 2179 3241 auct
2264 3240 2267 3245 .

169 3258 1148 3434 ttt:ttitttitttttlttttttttgittttttttt:
1199 3259 2178 3435 ttttttittitttitttttttltttttttttttttit:

169 3435 253 3498 tiae:
277 3430 359 3499 Cum
380 3429 459 3499 volo
482 3434 593 3498 dicere
624 3433 666 3498 de
693 3453 837 3519 corpore
853 3454 981 3520 aegro,
1015 3445 1149 3520 oportet
1199 3430 1324 3498 laicali
1349 3454 1392 3498 na
1414 3431 1588 3499 multitudo
1612 3455 1695 3511 una,
1728 3431 1835 3500 factae
1857 3448 1937 3500 sunt
1958 3431 2175 3500 collectiones

169 3539 222 3584 me
246 3519 346 3598 scire,
369 3518 448 3604 quid
469 3518 513 3582 sit
534 3539 670 3598 sanum:
690 3516 734 3585 Et
755 3538 886 3598 rursus,
910 3541 989 3586 orumv
1006 3521 1082 3585 dico
1105 3520 1149 3585 de
1199 3519 1299 3583 certis
1321 3454 1448 3584 liebus.
1478 3519 1558 3585 lnde
1579 3520 1668 3584 dicta
1690 3533 1742 3584 est
1765 3519 1918 3594 collecta,
1940 3523 2004 3587 das
2020 3540 2095 3586 mon
2115 3520 2175 3586 hot

170 3623 253 3686 seno
278 3624 435 3692 corpore,
469 3626 489 3669 o
514 3616 602 3671 ortet
633 3626 686 3672 me
719 3606 816 3670 etiam
841 3605 968 3689 dicere,
1001 3607 1080 3691 quid
1101 3607 1147 3671 sit
1196 3607 1350 3689 pescmtet
1371 3607 1406 3669 in
1427 3607 1489 3670 der
1510 3605 1641 3670 hachen
1674 3604 1919 3694 eleemosynam
1936 3627 1997 3693 pro
2019 3610 2178 3694 pauperi·

169 3711 293 3778 eorpus
318 3712 467 3777 aegrum.
531 3690 563 3756 ic
585 3703 638 3757 est
660 3710 742 3778 ergo
765 3691 934 3758 secundus
951 3688 1061 3758 cultus
1072 3690 1147 3773 Dei,
1198 3694 1271 3757 bus.
1316 3690 1374 3756 thr
1395 3694 1460 3758 solt
1479 3693 1569 3758 nicht
1588 3692 1696 3758 solede
1715 3692 1863 3780 ansletcr,
1886 3713 1923 3760 so
1949 3694 2080 3760 barbari
2093 3695 2174 3775 sein,

169 3774 643 3950 :transnato
659 3776 743 3928 ii?
764 3776 853 3930 'aa
872 3797 960 3930 :a
978 3777 1147 3930 atat
1197 3779 1261 3929 tt:
1281 3777 1847 3948 hlilitmttltthhm
1870 3779 2176 3935 llillnllt

167 3968 228 4034 per
248 3910 508 4027 invocationem:
541 3885 618 4036 qhia
646 3888 741 4017 hela
760 3887 843 4016 qvult
871 3951 1023 4057 agnosci.
1067 3909 1147 4018 ideal
1193 3947 1344 4036 pfaffen:
1377 3886 1576 4039 ffulmquarh
1599 3888 1756 4033 violetis,
1790 3888 1944 4020 ιιοῗηὲἕὶοε
1962 3887 2176 4021 allhnuentur

167 4036 1147 4191 taratantara:’aman:tantan
1196 4039 1381 4191 :tanta
1415 3975 2175 4194 ¹lauatnahtamata

167 4168 352 4275 honunihts.
410 4199 414 4210 ’
1196 4209 1280 4277 aaut
1338 4170 1411 4277 oss’e
1430 4147 1549 4278 latrat
1570 4213 1707 4278 darhei:
1728 4233 1763 4278 es
1784 4149 1898 4279 dllhihet
1918 4217 2019 4299 olwep
2040 4216 2123 4281 uiso.

253 4295 322 4361 lam
355 4314 373 4360 s
417 4295 505 4361 uitur
535 4306 749 4381 praeceptum
783 4296 826 4360 de
852 4293 1013 4362 sabbato.
1058 4295 1145 4371 Quid
1312 4299 1502 4364 onservatio
1524 4301 1695 4367 ministerii
1723 4312 1776 4366 est
1795 4301 1964 4388 proprium
1986 4322 2073 4388 opus
2096 4302 2173 4369 sah·

166 4381 351 4472 praeprit?
422 4381 628 4468 ropriissime
661 4393 694 4446 et
726 4378 951 4468 principaliter
983 4384 1090 4449 sancit
1112 4394 1146 4450 et
1196 4385 1278 4450 bati·
1308 4382 1432 4471 Aliqui,
1478 4386 1587 4452 nando
1609 4387 1790 4471 quaeritur,
1812 4388 1901 4472 qnod
1923 4388 1968 4453 sit
1991 4403 2076 4474 opus
2088 4387 2172 4455 Sah-

167 4467 337 4533 constituit
359 4468 583 4536 ministerium.
628 4467 771 4553 Propter
792 4467 1015 4534 ministeriam·
1032 4482 1084 4536 est
1098 4469 1145 4535 in·
1195 4471 1275 4550 heti,
1298 4471 1421 4544 dicunt,
1475 4473 1619 4537 ominem
1634 4470 1716 4538 nihil
1737 4493 1851 4560 agere,
1873 4474 1934 4539 sed
1956 4476 2025 4560 pati
2045 4487 2174 4542 tantum

166 4552 326 4632 stitutum,
358 4555 557 4635 ordinatum,
590 4564 625 4620 et
656 4556 821 4620 sancitum·
848 4554 1041 4622 Sabbatum.
1085 4553 1146 4624 Sic
1193 4553 1304 4623 Deum
1326 4558 1360 4623 in
1382 4577 1422 4623 ee
1449 4569 1618 4645 agentem:
1649 4562 1785 4627 Mochen
1812 4558 2078 4646 speculationes,
2105 4562 2207 4629 uad*

166 4651 394 4726 argumentor:
963 4649 966 4656 '
1145 4640 1151 4654 “
1194 4649 1313 4710 waren
1333 4647 1441 4711 :elder
1466 4652 1533 4724 att,
1557 4665 1627 4712 nos
1645 4651 1696 4712 rte
1711 4665 1830 4728 sapen:
1861 4650 1923 4715 dos
1949 4647 2027 4714 sind
2055 4664 2174 4730 prosu

297 4756 405 4825 opium
427 4758 605 4826 pompm,
626 4767 675 4827 αἱ
695 4762 834 4828 magum.
857 4718 864 4738 ’
1192 4732 1275 4797 hehe
1292 4733 1391 4812 nerle,
1409 4750 1613 4800 conservare
1634 4731 1862 4814 ministeriam,
1895 4754 2008 4800 amare
2025 4735 2172 4801 ministe-

269 4844 471 4912 .Sagga,m
486 4849 701 4913 mmm.
824 4806 837 4879 ⁶.
904 4874 909 4885 .
964 4868 968 4875 .
1017 4884 1023 4889 ,
1175 4815 1295 4911 ‚rium,
1320 4814 1495 4917 ‘honorare
1516 4816 1752 4899 ministerium,
1781 4822 1844 4888 laid
1864 4822 1934 4888 aad
1951 4821 2044 4888 acen
2060 4840 2174 4906 ouum

405 4942 453 4999 a
473 4939 595 5002 cv·
774 4926 866 4953 ··
1279 4988 1758 5059 mn
2078 4911 2172 5062 ta

255 5067 326 5135 Viel
352 5068 497 5156 teiertap
528 5071 660 5138 momen
691 5070 792 5156 neap
823 5079 920 5157 parter
951 5070 1140 5158 cantum,
1178 5074 1340 5169 ¹sterium,
1363 5073 1508 5144 et'allud
1531 5097 1733 5145 conservare
1755 5075 1832 5159 alia,
1859 5080 2043 5168 dequibus
2065 5078 2171 5149 homi·

162 5163 237 5242 sapt
258 5175 352 5222 mun:
374 5155 452 5222 Otia
474 5158 555 5225 dunt
577 5158 667 5226 vitiu.
699 5157 743 5224 Et
764 5167 819 5224 est
839 5154 978 5225 Catonis
1001 5159 1141 5226 dictum:
1178 5179 1252 5227 nee
1279 5161 1445 5230 dimicant.
1494 5161 1716 5232 Conservatio
1747 5164 1920 5260 ministerii
1947 5177 2004 5234 est
2031 5170 2173 5255 minum

1927 5284 1998 5334 Q!
