4620 5588
168 218 237 304 atr
865 228 1089 301 amman
1108 204 1513 315 annunciatum„
1526 204 1545 253 '·
1584 224 1587 228 ·
1642 242 1645 247 ·
2124 202 2194 302 att

215 446 277 492 rra
298 445 395 512 gens,
413 435 447 491 et
462 420 582 490 babuit
646 422 875 490 emissionem:
896 442 1088 495 mansuram
1110 422 1156 491 ibi
1207 423 1331 490 stantia
1351 423 1492 504 animae,
1519 432 1657 489 manent
1678 422 1776 490 edam
1797 423 1941 493 notitiae
1982 418 2056 493 nea
2079 433 2192 495 tamea

168 446 358 580 melesiam
380 512 553 598 usquead
575 532 595 577 a
621 523 753 576 rentum
777 510 921 577 Durnini.
960 508 1061 577 i'ertc
1083 520 1157 576 erat
1205 507 1345 577 multum
1369 507 1522 597 caliginis
1544 523 1597 575 est
1619 511 1652 575 in
1676 511 1806 577 notitiis&
1824 512 1956 590 mentis,
1979 518 2014 575 et
2036 506 2213 581 voluntat·

170 602 216 666 ibi
229 599 394 678 Ecclesia,
413 618 615 687 quamquam
638 598 682 663 ibi
699 598 952 669 dominabantur
968 596 1155 675 Pharisaei,
1208 611 1262 661 est
1289 615 1411 662 aversa
1439 618 1459 662 a
1487 594 1581 662 Deo:
1616 593 1811 685 Seil‘l'ilius
1838 592 1904 664 Dei
1933 596 2014 687 boc'
2036 601 2123 685 agit,
2154 606 2195 687 nt

171 698 206 753 et
224 687 420 752 Sadducaei.
452 684 491 749 lo
512 706 578 750 mro
604 696 637 748 et
658 683 775 749 eodem
795 683 863 749 boc
885 684 1157 771 eapitegraritct
1208 684 1305 751 istam
1328 682 1504 771 imaginem
1527 686 1560 748 in
1585 684 1856 769 addisceretur,
1882 701 1915 751 et
1943 682 2033 750 illam
2058 693 2194 768 oportet

172 770 297 840 reiutan
320 770 477 839 Christus
505 768 722 837 Sadducaeos
750 785 784 836 et
811 769 1025 835 Pharisaeos.
1075 768 1156 834 Sad-
1208 766 1359 857 perfecte
1392 770 1547 836 renovati
1578 771 1615 835 in
1641 772 1710 837 rite
1736 782 1894 851 aeterna,
1922 772 1980 838 ubi
2010 770 2192 841 redibimus

173 860 323 927 cameos
354 855 475 927 redibat
506 878 575 922 non
607 879 650 923 ex
672 878 733 942 pre
759 858 863 937 betis,
889 858 951 921 sed
985 876 1026 921 ex
1049 857 1156 943 Mese,
1208 856 1252 923 ad
1275 859 1603 925 consummationem.

173 966 275 1096 qpqtp¹
294 956 470 1031 utrumque
491 945 688 1011 retinebant.
709 878 863 1050 ‘l‘osten
889 944 1026 1023 veniunt
1057 943 1157 1009 etiarn

114 1096 118 1107 ¹
174 1033 773 1205 docti-suilliuloelxelleilmtlunzrtitltoel
802 1043 969 1119 tamquam
1003 1027 1156 1096 hommes
1232 1048 1370 1156 Qum
1401 1064 1464 1136 ω
1492 1050 1774 1166 Pmmfflgatm
1803 1049 2048 1162 Deffllogmt
2078 1080 2173 1137 cum

263 1240 356 1317 daed
373 1247 594 1319 erimantum
615 1234 685 1322 (vel
700 1239 857 1321 priorem,
884 1239 949 1303 raab
973 1239 1020 1303 int
1047 1240 1159 1305 Marce
1351 1217 1474 1318 antea
1504 1206 1740 1293 naturaliter
1769 1218 1879 1291 esset
1908 1204 2059 1290 notus?

304 1329 369 1407 [θ’
385 1329 457 1404 234
474 1328 592 1402 “elmi
614 1327 802 1391 'mum
823 1332 859 1391 Μ
878 1328 975 1407 1²⁹⁶?
1297 1371 1384 1446 Quia
1414 1369 1511 1437 Dens
1545 1369 1650 1438 veluit
1682 1382 1816 1438 exstare
1849 1371 2070 1437 testimonium
2096 1371 2196 1437 virae

262 1458 320 1527 na
339 1463 449 1544 doram
478 1467 531 1527 eia
552 1444 671 1527 icidae
698 1461 878 1545 disputatio
911 1457 1043 1548 legalis.
1088 1456 1159 1525 tae
1210 1459 1306 1525 vacis
1324 1478 1419 1539 suae,
1443 1460 1532 1546 quod
1556 1456 1641 1526 bueo
1663 1461 1828 1545 sapientia
1849 1460 1893 1524 sit
1905 1458 2012 1543 ipsius
2025 1455 2194 1523 voluntas.

172 1546 237 1615 snit
258 1548 389 1612 dectior
412 1549 570 1620 caeteris3
591 1550 670 1633 quie
692 1551 873 1615 assentitur
893 1545 962 1612 hcc
980 1565 1159 1612 essesuur·
1208 1544 1281 1613 iarn
1303 1546 1390 1610 enim
1411 1542 1549 1612 multum
1572 1543 1725 1634 caliginis
1745 1556 1800 1610 est
1821 1548 1854 1610 in
1876 1558 2006 1624 natura,
2024 1554 2101 1631 post
2121 1562 2197 1692 pee-

171 1654 264 1702 orum
283 1633 491 1699 mandatam:
525 1637 652 1716 didpaa
680 1637 853 1701 Dentinam
875 1638 979 1701 Bertm
1005 1643 1094 1700 tetum
1116 1652 1161 1700 ec
1213 1644 1333 1698 catum.
1380 1630 1457 1696 ideo
1480 1653 1522 1697 ne
1545 1632 1772 1698 dubitaremus
1795 1632 1836 1697 de
1856 1632 2121 1718 sapientiaetvo
2138 1644 2196 1694 rm·

173 1730 241 1789 tota
259 1722 370 1786 corde.
414 1718 491 1784 Non
514 1721 603 1798 dicit,
630 1721 821 1786 mandatum
845 1739 923 1786 esse
946 1722 1159 1806 praeeipuam
1212 1730 1280 1784 tate
1302 1714 1383 1782 Dei:
1412 1719 1488 1803 ipse
1510 1720 1636 1787 addidit
1653 1721 1841 1785 testimonia
1862 1714 1945 1794 alie,
1968 1736 2033 1783 sna
2054 1736 2139 1783 voce
2161 1714 2197 1781 ln

175 1809 219 1873 de
241 1806 442 1871 mactatione
464 1806 683 1885 detinuerunt,
706 1808 748 1870 de
769 1805 1004 1885 notationibus,
1032 1807 1074 1871 dc
1097 1807 1161 1870 eir·
1211 1802 1478 1891 promulgatione
1502 1802 1686 1895 Deculogi,
1718 1818 1818 1872 uteo
1841 1823 1994 1870 essemus
2018 1803 2195 1871 certiores.

175 1893 390 1961 mareisione.
451 1890 658 1977 Quamquam
691 1890 856 1958 Dominus
889 1895 934 1958 ita
968 1895 1161 1978 respondet,
1213 1891 1269 1952 dir
1290 1890 1353 1952 solt
1374 1891 1429 1953 die
1456 1889 1616 1958 mirabilia
1645 1888 1784 1958 consilia
1805 1886 1972 1957 foetorum
1993 1888 2058 1955 Dei
2081 1888 2195 1951 dem

175 1992 287 2045 tamen
319 1975 375 2043 ille
407 1979 572 2063 approbat
604 1978 866 2063 responsionem.
922 1978 1034 2045 Debet
1062 1980 1159 2045 ntrbis
1213 1977 1299 2040 etro
1341 1977 1411 2043 lam
1435 1980 1513 2063 qnid
1536 1975 1746 2045 bendictum
1770 1975 2089 2059 sittDiliporDcam
2110 1982 2197 2047 nram

175 2084 255 2132 esse
289 2065 462 2129 notissima
490 2064 640 2129 doctrina
666 2062 845 2153 Decologi:
874 2065 939 2140 Qui
963 2087 1030 2131 non
1058 2083 1161 2150 saepe
1213 2083 1255 2127 ea
1275 2066 1472 2144 totocorde,
1494 2072 1555 2132 etc.
1588 2062 1659 2126 Dar
1680 2065 1836 2127 versichert
1848 2062 2076 2125 wirraeasrden
2088 2058 2197 2123 itzaad

175 2152 303 2238 cogitet
322 2150 520 2236 sapientiam
544 2150 725 2238 llecalegi,
752 2149 810 2217 ilic
839 2166 892 2218 est
920 2154 1033 2218 dtuior
1062 2152 1161 2217 omni·
1208 2150 1306 2213 reicit.
1329 2149 1376 2211 [ir
1397 2154 1439 2212 ist
1462 2155 1513 2212 ein
1533 2148 1630 2213 daber
1650 2149 1938 2234 presseraiieetus.
1967 2147 2197 2216 Etiamsaneti

175 2240 239 2305 bus
256 2236 431 2322 scopulist
454 2240 531 2323 quie
553 2237 618 2302 iste
640 2253 692 2303 est
714 2260 844 2303 sarnam
861 2238 1043 2321 sapientia,
1073 2258 1161 2324 quae
1213 2240 1268 2324 qui
1292 2234 1418 2302 liabent
1445 2239 1537 2304 initia
1555 2235 1682 2324 aliqua,
1705 2251 1815 2303 tamen
1842 2257 1910 2302 non
1939 2247 2082 2321 possunt
2111 2234 2196 2299 satis

175 2338 229 2390 est
251 2324 363 2391 inlusa
396 2323 469 2388 sire
497 2325 597 2388 insita
629 2323 780 2389 buoraois
814 2327 980 2390 urentibus
1011 2325 1046 2389 in
1069 2344 1161 2390 eree·
1212 2320 1417 2408 intelligere:
1441 2325 1502 2388 sed
1525 2322 1682 2409 paullatim
1705 2336 1839 2408 oportet
1860 2316 2026 2409 proficere
2044 2331 2197 2400 sanctos,

175 2413 278 2477 tione.
332 2409 376 2473 Et
407 2408 467 2475 illa
488 2422 641 2495 estpars
663 2408 886 2478 similitudinis
919 2407 976 2476 vel
1006 2411 1160 2498 imaginis
1213 2425 1249 2476 ut
1270 2408 1395 2495 aliquid
1419 2411 1547 2476 discant
1571 2411 1613 2476 de
1636 2408 1693 2475 illa
1715 2412 1910 2476 admiranda
1931 2408 2106 2495 sapientia.
2128 2405 2197 2471 Ex·

89 2569 91 2574 ,
176 2495 241 2563 Dei
258 2498 295 2561 in
313 2493 459 2561 bomine.
1214 2510 1309 2562 terne
1331 2496 1508 2578 disciplina
1530 2509 1699 2582 utcunque
1720 2494 1859 2581 intelligi
1883 2509 2001 2580 petest.
2024 2490 2094 2558 Sed
2107 2513 2198 2559 man·

1118 2600 1121 2605 ·
1213 2584 1324 2648 dutum
1347 2580 1511 2668 loquitar,
1533 2604 1600 2648 non
1629 2594 1754 2648 tantum
1784 2584 1826 2646 de
1849 2595 1987 2649 externa
2010 2579 2198 2673 disciplina,

177 2690 354 2795 Quando
398 2689 541 2775 Adam
586 2702 651 2775 est
693 2690 904 2798 conditus¹
961 2704 1011 2776 ut
1054 2705 1163 2778 esset
1210 2671 1291 2756 qaia
1309 2671 1407 2736 dicit:
1429 2669 1561 2753 Dilipec
1582 2688 1625 2731 ee
1645 2677 1713 2732 tato
1731 2673 1841 2736 eorde.

236 2848 374 2960 lmagO
404 2845 518 2930 Del?
563 2875 668 2956 (1⁰80
699 2874 763 2930 1‘08
795 2845 961 2951 fuirunt
988 2848 1101 2962 Pl'lss·
1187 2878 1190 2885 ’
1260 2863 1479 2968 Quomodo
1510 2864 1751 2949 Pharisaeus
1778 2863 1958 2950 iaciebat
1985 2862 2163 2978 primum

418 3001 599 3116 cipaliter
638 3001 775 3111 imago
806 3001 919 3090 Deit
1575 3001 1843 3091 mandatum?

263 3184 479 3272 Respondeo.
536 3183 613 3250 Non
649 3185 804 3274 displicet
836 3184 916 3251 mibi
955 3187 1038 3264 diei,
1071 3188 1160 3274 quod
1298 3182 1448 3253 Externa
1469 3182 1680 3273 professione
1712 3187 1832 3252 retinet
1865 3182 1950 3252 boet
1986 3204 2086 3253 onum
2115 3202 2199 3255 esse

177 3283 269 3338 totus
291 3272 392 3338 bomo
415 3274 458 3335 sit
481 3273 633 3338 conditus
656 3276 699 3338 ad
735 3270 977 3339 similitudinem
1000 3271 1075 3338 Filii
1099 3274 1163 3340 Dei
1212 3268 1333 3352 Deum,
1355 3276 1414 3335 mle
1436 3294 1470 3336 er
1492 3274 1572 3335 card
1594 3272 2062 3357 suptinblar·co,esseunum
2076 3272 2222 3356 Deum,'

177 3360 320 3434 venturi,
353 3358 801 3444 sita1t0siartdererponit3
833 3361 893 3423 sed
924 3371 1037 3425 teitus
1066 3362 1161 3425 dicit:
1213 3360 1268 3446 qui
1291 3362 1334 3424 sit
1357 3371 1507 3438 creator,
1531 3382 1652 3442 verax,
1686 3359 1910 3444 cunctipotens.
1952 3358 2082 3424 Deinde
2104 3360 2199 3441 dicit,

178 3449 224 3511 od
244 3451 583 3524 tractatae-maedam,
604 3444 743 3522 seilicet,
768 3446 888 3524 l'atris,
912 3442 995 3522 Filii,
1018 3446 1162 3531 etSpiri·
1212 3445 1296 3524 hoc,
1330 3467 1408 3512 esse
1440 3442 1650 3513 dilectionem
1679 3448 1770 3534 quud
1803 3448 1837 3511 in
1865 3448 2012 3512 extends
2037 3447 2198 3531 operibus

179 3543 235 3596 tus
260 3533 376 3595 sancti.
410 3530 489 3595 ideo
507 3544 641 3613 eportet
655 3531 881 3616 principaliter
902 3534 946 3598 de
962 3533 1036 3598 aliis
1060 3536 1163 3597 rebus
1212 3553 1280 3596 non
1315 3530 1395 3599 iacit
1429 3545 1546 3599 eontra
1567 3531 1693 3600 Deum:
1723 3544 1760 3599 ut
1791 3530 1954 3617 penninas
1983 3552 2063 3597 eom
2091 3529 2201 3600 fuisse

180 3618 256 3695 dici,
280 3636 377 3702 quam
402 3615 444 3679 de
467 3636 620 3702 corpore.
656 3619 799 3682 l'rimuor
823 3619 923 3704 igitur
944 3621 1019 3702 ipsa
1041 3620 1163 3698 auiam,
1213 3621 1375 3685 maritum.
1400 3620 1577 3705 :cogitarit
1599 3639 1666 3682 non
1689 3614 1768 3685 velo
1793 3618 1901 3685 Deum
1922 3616 2200 3686 olletrdereadul·

178 3700 458 3790 ipsaspititualis
482 3706 648 3784 essentie,
676 3716 729 3768 est
761 3726 881 3782 nuum,
914 3706 1005 3791 quud
1039 3706 1071 3769 in
1105 3703 1162 3770 illa
1214 3707 1316 3777 tedis,
1336 3727 1422 3791 qnae
1444 3706 1516 3790 ipsc
1539 3706 1702 3790 probibet.
1743 3700 1783 3771 'ln
1807 3717 1998 3791 praecepto,
2020 3706 2095 3769 Non
2116 3710 2200 3769 ceci·

177 3790 323 3875 imagine
355 3791 542 3874 requiritur.
604 3795 651 3857 Ee
684 3811 776 3857 toraca
808 3800 861 3857 ein
894 3791 1085 3857 Subiectum
1118 3795 1163 3859 do
1213 3792 1296 3865 tier,
1319 3795 1459 3878 cogitat:
1482 3791 1561 3858 nelo
1585 3789 1676 3861 illum
1701 3793 1874 3867 occidere;
1898 3806 1930 3859 et
1952 3796 2002 3858 sie
2024 3794 2067 3858 de
2090 3807 2200 3860 caete·

178 3896 270 3960 repat.
309 3875 430 3939 Anima
453 3873 542 3940 aliud
566 3890 628 3955 est,
652 3898 751 3964 quam
774 3874 984 3943 elementatis
1009 3891 1065 3943 ortt
1088 3901 1163 3944 cor·
1213 3880 1271 3943 ris.
1303 3877 1630 3958 Nousarinmfaeies,
1649 3892 1714 3946 etc.
1737 3880 1914 3957 coritavit3
1936 3902 2003 3945 nen
2027 3877 2201 3948 voleesse

177 3962 306 4115 pptulis
328 3975 465 4038 natarat
488 3963 565 4048 quia
583 3966 762 4029 anintatest
781 3965 937 4048 quiddam
961 3963 1161 4052 intelligens.
1213 3960 1283 4029 sur:
1306 3977 1340 4031 ct
1362 3966 1428 4031 boe
1450 3966 1616 4033 esistinrat
1644 3986 1722 4033 esse
1745 3933 1955 4033 dilatetionenr
1978 3965 2065 4048 net,
2099 3988 2200 4053 qaam

214 4048 311 4113 einde
333 4048 365 4111 iu
384 4049 491 4113 anima
505 4051 640 4115 notitiae
662 4048 751 4130 illae,
774 4058 962 4134 quaesunt
984 4050 1161 4116 strrrttttudo
1213 4053 1312 4118 etiam
1330 4050 1477 4118 'locanes
1500 4053 1551 4119 sic
1573 4052 1705 4132 delinit,
1732 4053 1819 4133 praed
1847 4057 1891 4118 rit
1917 4054 2027 4132 secere
2047 4054 2201 4116 neandeta

180 4133 364 4219 sapientiae
386 4132 468 4198 Dei:
491 4135 548 4201 Du
569 4143 631 4202 coit
653 4158 690 4204 er
709 4140 890 4222 paerstitit
918 4141 1020 4222 Λαίαν
1044 4142 1163 4222 notter,
1184 4130 1190 4187 l
1213 4138 1308 4203 illiue.
1376 4138 1501 4204 Verum
1535 4138 1601 4206 boc
1637 4151 1769 4226 oportet
1801 4160 1868 4205 non
1902 4150 2026 4205 motum
2065 4141 2108 4207 tle
2146 4160 2201 4205 ex·

180 4222 270 4307 quod
292 4217 369 4285 illae
391 4222 528 4287 notitiae
550 4222 887 4307 sintsapicotinilei,
910 4236 942 4289 et
965 4223 1162 4310 qnodDeus
1184 4222 1190 4320 ι
1214 4240 1310 4292 terna
1353 4223 1530 4311 disciplina
1572 4227 1635 4290 sed
1674 4226 1717 4290 de
1761 4237 1832 4292 tota
1864 4227 2054 4292 obedientia
2102 4223 2200 4293 intel·

180 4305 258 4372 talis
287 4309 354 4387 sit,
387 4306 519 4392 qualem
551 4329 589 4374 se
622 4313 654 4374 in
689 4309 754 4373 iilis
790 4308 920 4395 legibus
953 4309 1162 4376 naturalibus
1188 4326 1192 4364 Ι
1214 4309 1283 4397 ligi.
1327 4310 1492 4391 Erillud,
1512 4313 1637 4396 fecere,
1661 4323 1714 4378 est
1734 4308 1848 4379 iacere
1871 4333 1946 4379 cum
1970 4312 2200 4398 quadcmlne·

181 4393 357 4477 expressit,
380 4397 501 4481 quibus
523 4409 643 4480 postea
666 4396 755 4461 dedit
778 4398 1000 4462 testimonium
1020 4399 1163 4482 inpete·
1215 4400 1296 4479 titia,
1331 4399 1397 4464 imo
1431 4399 1531 4465 etiarn
1565 4402 1632 4485 pati
1661 4413 1799 4485 propter
1818 4397 1942 4477 Deum,
1965 4422 2039 4466 curn
2061 4397 2199 4467 laetitia.

181 4477 327 4544 factione
349 4478 526 4569 Decaiogi.
577 4483 723 4547 Notitiae
755 4478 834 4549 illae
862 4495 939 4549 sam
962 4488 1059 4550 etiam
1082 4504 1164 4569 pars
1212 4482 1285 4550 illic
1307 4487 1392 4551 enirn
1421 4485 1564 4551 sentitur
1594 4486 1799 4570 potissimum
1828 4484 1979 4552 dileetio:
2018 4485 2088 4549 tto
2109 4508 2143 4548 er
2164 4487 2200 4553 in

180 4565 346 4652 imaginis.
1213 4570 1353 4638 cantico
1377 4572 1585 4637 canticorum
1607 4579 1694 4655 rapi:
1716 4572 1826 4635 ibride
1846 4581 1882 4636 td
1903 4594 1985 4634 more
2003 4573 2145 4654 dileclt‘a,
2164 4574 2200 4641 id

269 4650 448 4717 Praeterea
475 4652 702 4720 inuoluptate
732 4664 766 4719 et
799 4657 901 4720 corde
934 4655 1077 4722 hominis
1103 4652 1164 4724 tuit
1186 4721 1191 4747 ,
1215 4670 1278 4736 cst,
1300 4678 1395 4722 anitii·
1418 4659 1519 4723 vincit
1541 4671 1574 4724 ct
1596 4672 1746 4744 superat·
1764 4661 1893 4740 carnia,
1921 4657 2069 4725 hilariter
2096 4658 2199 4727 susti·
2244 4705 2252 4713 ·

183 4738 361 4803 cenversio
379 4740 422 4803 ad
444 4739 569 4807 Derim:
592 4744 626 4805 id
649 4754 712 4818 cst,
736 4739 797 4805 suit
818 4741 961 4820 danima,
985 4765 1071 4828 quae
1093 4757 1165 4809 erat
1215 4757 1271 4809 net
1294 4741 1442 4828 pericula
1466 4757 1499 4810 et
1517 4764 1695 4810 aerumnas
1759 4745 2118 4831 opterremdilectam:
2136 4747 2202 4811 dae

183 4822 316 4889 dileetio
335 4822 409 4889 Dei.
454 4826 529 4891 Fuit
551 4828 648 4894 etiem
668 4825 805 4893 'tibertus
825 4826 1011 4893 electionis.
1053 4829 1163 4895 llomo
1214 4829 1269 4890 mil
1288 4850 1438 4911 ereapee
1460 4831 1493 4896 in
1513 4829 1688 4913 canticis,
1744 4834 1851 4896 cocao
1872 4835 1971 4896 arrd
1991 4841 2133 4911 mortem,
2155 4835 2200 4900 tet

184 4921 237 4976 est
256 4906 334 4974 talis
356 4911 520 4989 conditus,
540 4926 575 4978 nt
600 4916 719 4980 lrabeat
741 4914 936 4980 electionem
961 4912 1110 4996 liberato,
1130 4927 1162 4982 et
1214 4916 1359 4983 stercker,
2030 4989 2031 4992 Ἴ

182 5008 264 5063 tnnc
282 4998 414 5083 quidem
437 4996 550 5064 babuit
571 5000 757 5067 libertatem
786 5023 852 5065 non
882 5003 1080 5087 impeditam.
1125 5002 1160 5068 ln
1302 5002 1431 5068 t'otettr
1451 5005 1544 5089 qaod
1568 5005 1670 5071 &aaa
1688 5006 1833 5080 bestiae,
1866 5004 2025 5071 dimicant
2054 5026 2118 5092 pro
2145 5024 2199 5074 se·
2244 5070 2247 5075 .

182 5081 249 5148 illia
272 5085 373 5148 rebus
395 5082 504 5149 intret
527 5100 578 5151 est
600 5089 708 5175 image
731 5085 967 5154 etsizuilitudc.
1001 5088 1163 5154 Nuncest
1214 5086 1303 5168 bole,
1336 5104 1369 5155 et
1400 5092 1627 5157 ubiiciuotee
1649 5091 1826 5177 perieulis.
1870 5090 1996 5158 Dicunt
2024 5093 2067 5159 dc
2087 5095 2198 5177 asine,

183 5168 332 5237 mutilata
354 5181 388 5238 et
420 5172 612 5255 obarmata,
632 5194 832 5263 quamquam
853 5186 966 5243 manet
986 5177 1062 5263 ipse
1082 5178 1162 5244 sub·
1212 5178 1305 5265 qued
1325 5178 1424 5244 etiarn
1445 5188 1597 5263 penetret
1613 5200 1678 5268 per
1694 5181 1963 5269 ignem,quande
1987 5179 2082 5246 videt
2101 5198 2213 5242 aum

1844 5292 1904 5347 w
