4620 5588
797 146 911 260 eum.
934 114 1039 215 aaa.
1067 130 1257 217 scatent
1279 147 1546 217 amoenos.
1983 110 1990 123 ’
2114 148 2180 231 tra

448 517 450 521 ν
510 468 575 550 De
607 467 805 550 Balsamo.
1198 457 1335 567 Quare
1367 465 1465 549 dicit
1495 467 1718 578 Propheta:
1741 487 1865 560 pratum
1885 478 2063 540 medati
2084 465 2180 548 aaa?

252 685 447 763 Balsamum,
480 696 532 748 εει
562 706 582 749 ιι
615 683 713 762 Boot,
748 686 781 748 id
816 697 880 761 est,
913 686 1079 762 domiuus,
1112 696 1145 748 et
1284 681 1371 756 Quia
1393 681 1557 749 Diabolus
1579 686 1688 769 rapuit
1715 682 1898 762 bominem,
1926 682 2179 769 possessiouem

165 772 322 850 Solamen,
345 773 378 835 id
401 783 464 848 est,
487 783 704 856 unguentun13
741 773 834 855 quasi
858 771 970 849 dicas,
993 771 1146 834 dominus
1197 765 1274 846 Dei,
1298 781 1332 833 ct
1354 768 1435 832 nihil
1449 771 1537 835 dedit
1553 771 1639 835 Deo.
1684 769 1774 834 Nihil
1797 774 1893 835 etiam
1913 771 1991 835 boni
2014 769 2104 833 dedit
2121 767 2180 833 ho·

164 857 221 925 vel
243 861 398 943 princeps
421 859 596 944 unguenti,
622 855 675 921 vel
699 858 974 941 pretiosissimum
1000 876 1147 942 unguen·
1169 855 1292 966 pmini:
1327 867 1378 918 est
1412 858 1538 941 praedo
1570 869 1603 921 et
1637 867 1761 940 raptor.
1817 855 1892 921 Non
1917 857 2006 921 dedit
2027 856 2181 941 pretium,

12 1016 22 1024 ,
60 966 63 971 ·
165 956 242 1011 ιιιιιι.
289 945 416 1022 Credo,
449 945 538 1028 quod
560 941 654 1007 Deus
687 944 826 1027 primum
848 942 1007 1007 Abrabae
1035 957 1147 1007 osten·
1197 941 1273 1006 ideo
1301 941 1356 1005 bie
1380 954 1560 1026 usurpator
1588 941 1789 1008 vocabulum
1811 942 1938 1027 λῃσιής,
1972 943 2064 1028 quod
2086 950 2139 1006 est
2158 961 2181 1006 a

165 1032 213 1096 dit
230 1028 430 1094 balsamum:
453 1041 488 1092 ut
510 1029 603 1093 Noae
625 1031 764 1114 primum
787 1030 932 1092 ostendit
953 1030 1075 1108 vinum,
1104 1029 1146 1092 ad
1199 1030 1304 1108 ληιζω,
1316 1028 1348 1092 ἰι]
1361 1040 1424 1106 εει,
1436 1030 1578 1115 praedas
1590 1049 1672 1114 ago:
1693 1027 1811 1115 λῃστὴς,
1824 1030 1961 1114 praedo,
1982 1028 2178 1113 impraeda.

167 1117 413 1185 confirmandas
432 1118 521 1180 vires
543 1116 742 1191 senectutis3
777 1117 854 1200 quia
880 1116 990 1179 vinum
1013 1127 1065 1179 est
1088 1117 1146 1180 bo·
1169 1130 1174 1190 ι
1198 1113 1328 1179 Venom
1364 1115 1462 1180 datus
1494 1116 1585 1180 veuit
1614 1136 1774 1195 aventon,
1805 1129 1839 1181 ot
1860 1116 1915 1178 do.
1971 1114 2102 1179 Verium
2135 1114 2179 1179 ab

165 1204 243 1269 num
275 1203 527 1280 nutrimentum,-
552 1212 585 1266 ct
613 1197 767 1266 ealefacit
796 1215 930 1287 corpus
975 1200 1147 1267 Cererisia
1169 1194 1174 1307 l
1198 1197 1297 1280 ὤνιον,
1315 1200 1349 1265 id
1373 1212 1442 1280 est,
1466 1199 1600 1279 venale,
1630 1202 1691 1263 dos
1713 1223 1784 1264 man
1806 1210 1904 1264 etwas
1924 1202 1993 1291 amb
2015 1200 2103 1283 piet,
2135 1202 2180 1266 ab

165 1303 218 1357 est
241 1289 396 1353 imitatrix
420 1288 498 1366 vini,
520 1289 551 1352 si
573 1301 665 1352 recte
683 1300 715 1352 et
736 1290 822 1352 bene
840 1287 1000 1374 coquitur.
1024 1286 1148 1367 Credo,
1199 1284 1351 1367 ὠνοῦμαι,
1381 1285 1548 1352 transfero
1571 1308 1632 1372 pro
1661 1290 1786 1374 pretio,
1820 1288 1909 1372 quod
1933 1299 1984 1353 est
2008 1289 2051 1352 ab
2082 1286 2179 1367 inape,

165 1378 256 1462 quod
278 1376 383 1439 nostri
406 1375 549 1439 maiores
561 1372 737 1439 habuerint
749 1370 919 1439 meliorem
933 1374 1146 1439 cerevisiam:
1198 1375 1289 1450 iovo,
1311 1371 1485 1439 utilitatem
1512 1372 1627 1439 affero.
1678 1373 1714 1438 ln
1742 1375 1933 1440 venditione
1960 1388 2103 1459 uterquc
2131 1375 2180 1438 iu·

163 1463 265 1549 igitur
288 1462 408 1527 diutius
432 1461 595 1538 vixerunt,
637 1471 670 1524 et
696 1457 829 1525 fuerunt
852 1461 1060 1524 robustiores
1083 1460 1146 1525 etsi
1198 1470 1304 1525 vatur.
1348 1459 1385 1525 lu
1408 1472 1507 1545 raptu
1529 1480 1596 1525 non
1618 1461 1754 1525 iuvatur
1775 1474 1925 1546 uterque.
1963 1461 2101 1544 Sapiens
2122 1478 2180 1524 ve·

164 1548 228 1616 lsi
251 1567 386 1633 quoquc
418 1566 456 1611 se
486 1566 553 1610 non
582 1547 853 1633 ingurgitarunt·
890 1543 1060 1611 Abraham
1087 1546 1148 1612 luit
1198 1556 1325 1624 tostas,
1353 1567 1440 1631 quae
1461 1547 1575 1612 indidit
1598 1549 1732 1612 nomina
1753 1549 1874 1625 rebus,
1906 1543 2044 1632 pulchre
2065 1545 2181 1610 locuta
2219 1624 2227 1632 ἱ

186 1635 330 1712 ledieus‚
353 1645 386 1698 et
407 1654 469 1719 per
489 1630 577 1699 banc
595 1645 699 1697 artem
721 1630 837 1698 habuit
855 1634 978 1697 aditum
995 1635 1038 1698 ad
1059 1633 1147 1718 prin·
1198 1643 1267 1697 est:
1291 1634 1413 1710 vendo,
1437 1649 1489 1698 est
1507 1634 1646 1719 pretium
1670 1634 1724 1696 do.
1760 1632 1796 1697 Si
1819 1635 1918 1698 debet
1936 1634 2103 1699 bominum
2126 1652 2179 1696 so·

80 1735 82 1738 ‘
166 1723 271 1807 eipeS.
314 1720 391 1786 Fuit
419 1720 633 1784 doctissimus
663 1720 714 1785 vir
736 1738 818 1784 suae
841 1719 979 1796 aetatis,
1008 1731 1042 1783 et
1063 1738 1147 1784 usus
1198 1718 1303 1782 cietus
1326 1735 1415 1796 esse,
1437 1741 1503 1784 non
1526 1739 1705 1804 possumus
1725 1739 1841 1784 carere
1864 1721 2102 1785 contractibus.
2126 1707 2181 1792 δός
2230 1760 2233 1766 ·

166 1819 220 1874 est
249 1801 400 1871 balsamo
434 1819 601 1891 tamquam
635 1807 758 1889 optimo
791 1817 825 1870 et
859 1806 1146 1890 praestantissimo
1197 1829 1237 1884 τι,
1254 1808 1306 1867 και
1328 1806 1403 1888 λάβε
1425 1830 1466 1886 τι,
1489 1807 1568 1870 dicit
1589 1807 1810 1890 proverbium.
1856 1804 1960 1891 Igitur
1982 1807 2076 1871 dicit:
2100 1803 2180 1867 Gro-

165 1893 332 1972 remedio,
362 1893 453 1979 quod
483 1903 535 1957 est
557 1894 759 1970 sanativum,
782 1903 815 1956 ct
839 1888 1145 1976 conglutinativum.
1199 1895 1240 1952 ιιί
1263 1891 1440 1952 υειιιιιιιιιιιιι·
1461 1895 1545 1953 estis.
1591 1892 1659 1953 Der
1690 1891 1806 1973 Teuffel
1842 1891 1899 1954 Ιιιιι
1936 1895 1985 1953 nit
2012 1891 2099 1953 reela
2125 1912 2178 1973 pe·

164 1977 298 2047 Dicitur·
326 1980 415 2064 apud
437 1976 690 2056 Dioscoridem,
724 1978 814 2063 quod
844 1975 975 2063 guttula
1007 1974 1147 2042 balsami
1202 1977 1310 2058 koaffl,
1332 1976 1385 2037 ioli
1405 1976 1555 2038 witelich
1576 1977 1944 2040 oucdwidarrmrbaicltt
1966 1977 2062 2039 lesen.
2087 1976 2181 2043 Chri·

160 2062 537 2153 ‘opituleturpleuritidi
592 2064 701 2128 Habet
722 2065 824 2150 igitur
846 2084 1001 2148 magnam
1025 2065 1091 2128 vim
1115 2064 1146 2127 in
1199 2076 1271 2127 stus
1295 2064 1331 2127 lit
1353 2064 1497 2142 victima,
1519 2078 1553 2128 et
1575 2062 1678 2128 solvit
1692 2063 1799 2151 λύτρον
1820 2066 1919 2149 patri,
1941 2086 2007 2131 non
2022 2063 2179 2130 Diabolo.

164 2150 372 2240 purificando
396 2162 429 2216 et
451 2146 685 2216 dissolvendo:
707 2148 750 2213 Et
768 2150 858 2234 quod
874 2170 951 2213 mox
965 2146 1070 2232 pellat
1082 2146 1147 2214 eal·
1199 2149 1267 2215 Sed
1289 2148 1456 2214 Diabolus
1478 2153 1612 2233 punitur
1631 2152 1762 2231 interim
1784 2165 1923 2236 propter
1944 2151 2162 2216 mendacium.

161 2235 279 2317 culos,
303 2238 364 2299 dos
384 2235 484 2298 iodea
506 2237 559 2298 die
581 2237 787 2301 recentiores
809 2235 969 2302 odsmirt.
1284 2235 1488 2318 Reliqoeraut
1509 2239 1753 2298 ιειιιίιιιοιιιιιιιιιι
1780 2239 1813 2301 id
1842 2249 1906 2316 est,
1934 2237 2044 2304 adhuc
2067 2235 2181 2315 talem,

252 2321 316 2388 Ubi
339 2343 428 2390 nune
450 2325 494 2387 sit
512 2320 710 2401 balsamum,
729 2334 786 2386 aut
803 2319 913 2407 quale,
937 2323 1063 2401 nescio,
1085 2322 1148 2386 nisi
1199 2322 1255 2407 qui
1277 2334 1395 2407 posset
1417 2324 1555 2388 restitui.
1602 2322 1718 2389 Genus
1741 2322 1919 2390 humanum
1941 2324 1986 2389 ita
2009 2325 2123 2408 periit,
2145 2335 2182 2389 ιιι

166 2410 257 2497 qaod
290 2412 322 2474 in
346 2408 673 2496 peregrinationibus
696 2406 895 2470 Bretmbocd
926 2405 1048 2473 nobilis
1071 2406 1149 2472 illis-
1198 2411 1306 2493 possit
1328 2408 1467 2481 restitui,
1489 2407 1655 2474 Diabolus
1676 2411 1784 2495 periit,
1807 2422 1843 2475 ut
1865 2431 1932 2475 non
1954 2411 2063 2495 possit
2085 2411 2181 2475 resti·

164 2498 243 2576 niel,
277 2498 333 2584 qui
365 2497 398 2561 in
421 2494 560 2561 Aleair'a
580 2491 653 2574 fuit,
675 2491 813 2582 legitur,
841 2495 992 2580 quodibi
1015 2495 1149 2581 quibus·
1199 2496 1256 2559 tui·
1301 2494 1499 2560 Nominatur
1520 2496 1629 2561 Adam
1651 2497 1898 2574 semimortuus,
1927 2499 2007 2584 quia
2027 2517 2114 2561 unus
2139 2516 2181 2560 ex

157 2584 241 2650 'dam
270 2582 416 2649 adsuerit
441 2585 476 2647 ln
503 2581 665 2666 hospitio,
698 2582 755 2646 ubi
782 2602 888 2666 prope
916 2577 1039 2646 suerint
1060 2579 1148 2647 horti
1199 2577 1592 2661 liliisAdamiChristus,
1615 2604 1683 2648 uon
1705 2594 1776 2648 erat
1798 2595 1960 2648 mortuus.
2004 2581 2182 2670 Reliquum

165 2667 319 2736 balsami.
363 2669 421 2734 Ait
448 2668 494 2733 ibi
521 2668 629 2734 fuisse
650 2667 828 2732 admodum
856 2664 987 2733 dulcem
1010 2668 1148 2732 odorem
1184 2677 1303 2756 ‚totum
1327 2688 1433 2753 genus
1455 2666 1632 2734 humanum
1660 2670 1694 2733 in
1724 2666 1782 2734 illo
1806 2681 1878 2734 erat
1900 2680 2075 2736 ιιιιιιιιιιιιιι.
2120 2668 2182 2734 So·

159 2762 199 2823 'et
220 2766 344 2820 tantam
367 2752 603 2842 fragrantiam,
624 2765 661 2818 ut
683 2755 756 2839 ipse
779 2755 824 2817 sit
844 2753 1038 2818 mirabiliter·
1060 2752 1149 2819 dele-
1200 2750 1254 2820 lus
1277 2751 1432 2819 Christus
1455 2755 1488 2818 in
1510 2755 1619 2820 Adam
1641 2777 1708 2819 non
1728 2768 1799 2820 erat
1821 2767 1982 2822 mortuus.

161 2850 285 2909 'ctatus
330 2842 441 2907 Credo
464 2859 542 2905 esse
564 2859 686 2905 verum.
730 2838 792 2904 Est
814 2852 914 2905 natus
938 2859 980 2904 ex
1004 2840 1148 2905 honesta
1286 2840 1456 2905 Sacerdos
1479 2841 1598 2907 dieitur
1621 2862 1641 2905 a
1662 2861 1761 2902 socer.
1808 2841 1914 2907 Sacer
1936 2844 1977 2907 ab
2001 2841 2081 2927 ἱερόν
2102 2843 2181 2929 quia

161 2925 298 2997 familia.
351 2924 466 2992 Aleair
494 2937 547 2990 est
574 2947 596 2991 a
622 2926 716 2995 coa,
750 2927 839 3011 quod
869 2927 989 2992 civitas
1016 2926 1146 2992 dieitur.
1199 2927 1359 3011 aspiratio
1382 2938 1526 2991 mutatur
1539 2929 1571 2992 in
1583 2928 1618 2992 S.
1631 2939 1667 2992 ut
1679 2927 1765 3008 ἕιιια,
1789 2940 1930 3013 septem,
1942 2927 2041 3016 ἕρπω,
2063 2947 2182 3012 serpo:

162 3013 244 3079 ldeo
266 3026 375 3078 autem
388 3011 558 3078 Aleairum
576 3012 707 3090 dieitur,
730 3012 807 3099 quia
830 3024 882 3077 est
899 3013 1040 3076 maxima
1051 3014 1145 3078 urbs.
1199 3011 1278 3096 ἱερὸν
1308 3026 1360 3077 εει
1389 3014 1432 3077 ab
1460 3012 1616 3078 Hebraeo
1638 3013 1715 3074 Her.
1772 3013 1868 3080 Unde
1902 3027 1953 3079 est
1986 3015 2114 3094 Ηειιιε,
2150 3026 2183 3080 ει

163 3099 313 3168 Fuerunt
331 3097 409 3164 olim
432 3100 517 3164 duae
537 3099 651 3176 urbes,
674 3096 781 3163 altera
803 3098 892 3163 dieta
913 3097 1076 3180 Memphis,
1099 3095 1147 3163 al·
1198 3098 1283 3160 Herr
1312 3097 1558 3178 Germanicum,
1592 3100 1625 3163 id
1654 3112 1717 3178 est,
1751 3103 1929 3187 magister,
1964 3103 2183 3186 gubernator,

163 3188 237 3252 ¹tera
258 3184 417 3268 Babylon.
467 3181 563 3249 Nilus
592 3183 725 3269 perfluit
752 3204 813 3269 per
840 3182 966 3250 Alcair.
1016 3184 1052 3249 ln
1079 3204 1145 3249 uno
1198 3182 1254 3250 vel
1276 3182 1343 3250 tale
1365 3184 1455 3271 quid.
1510 3183 1578 3270 lpsi
1601 3184 1723 3250 Graeci
1755 3187 1867 3253 dicunt
1890 3185 1971 3274 ἱερὸν
1994 3189 2115 3254 dictum
2138 3190 2181 3253 ab

162 3268 271 3338 latere
292 3284 345 3337 est
367 3270 544 3356 Memphis,
566 3273 600 3335 in
622 3269 908 3357 alteroBabylon.
947 3270 1146 3333 Breteudocd
1197 3272 1276 3353 inps,
1297 3273 1376 3359 quia
1396 3272 1507 3337 hostia
1528 3273 1666 3339 mittitur
1684 3271 1767 3338 Deo.
1890 3270 1903 3293 ’

163 3359 260 3437 dicit,
294 3361 384 3445 quod
414 3359 577 3424 existimet
604 3360 638 3421 in
665 3354 723 3421 illa
745 3359 827 3422 urbe
856 3354 1145 3442 plures'bomines

164 3464 260 3523 esse,
295 3466 394 3531 quam
416 3445 450 3509 in
473 3456 543 3509 tota
565 3442 669 3508 ltalia.
720 3444 788 3508 Sed
818 3456 899 3529 puto
928 3442 1145 3532 hyperbolice

163 3532 232 3599 hoe
254 3531 330 3598 diei.
376 3530 500 3598 Strabo
522 3531 601 3595 dicit
622 3526 831 3618 Babylonem
856 3530 978 3595 dictam
1000 3550 1078 3596 esse
1098 3527 1146 3595 al·

163 3629 269 3686 teram
291 3628 420 3704 partem
444 3619 538 3682 istius
560 3618 671 3694 urbis3
693 3617 771 3702 quia
789 3614 920 3682 colonia
935 3628 988 3682 est
1002 3616 1147 3682 deducta
1200 3603 1317 3708 Quae
1367 3619 1456 3688 erat
1500 3605 1727 3689 differentia
1771 3605 1877 3690 inber
1914 3604 2181 3693 Sacerdotem

165 3717 316 3789 tempore
338 3703 530 3791 Cambysis,
558 3713 591 3769 et
613 3701 753 3769 Romani
775 3708 896 3788 postea
917 3705 950 3767 in
972 3700 1038 3768 illis
1060 3700 1145 3768 locis
1706 3759 1715 3778 ,

163 3792 333 3898 praesidia
370 3792 577 3869 babuerunt,
621 3801 658 3856 ut
696 3800 788 3856 esset
825 3789 960 3855 munitio
997 3786 1145 3876 reliquae
1450 3795 1453 3799 ’
1543 3772 1587 3843 et
1616 3759 1830 3847 Levitalnl

236 3897 275 3944 rs.

160 3890 236 3968 pm
250 3960 446 4029 Balsamum
483 3982 551 4029 non
583 3962 754 4048 attingitur
791 3957 881 4026 ferro
920 3962 955 4026 in
988 3960 1147 4046 putando,
1287 3959 1490 4026 Sacerdotes
1512 3958 1760 4033 sacrifieabautt
1783 3959 1923 4026 Levitae
1937 3965 2184 4049 praeparabant

166 4052 298 4139 quando
321 4052 354 4115 iu
377 4070 458 4116 rere
480 4059 634 4134 putatur,
663 4059 698 4112 ιιι
726 4048 811 4113 vites
834 4057 868 4112 et
889 4049 1029 4112 arbores
1051 4067 1146 4112 suam
1198 4046 1376 4124 sacrificia,
1400 4059 1434 4110 et
1456 4048 1637 4119 docebant,
1669 4059 1701 4111 ει
1724 4058 1818 4112 erant
1840 4046 2035 4135 plerumque
2057 4051 2182 4115 doctis·

192 4138 371 4202 orationem
393 4135 535 4202 habent:
564 4136 632 4202 Sed
654 4132 900 4200 volumumus
924 4145 1072 4218 putatur,
1094 4129 1148 4199 vel
1199 4133 1273 4199 simi
1294 4128 1434 4198 Medici:
1456 4133 1560 4198 Erant
1582 4131 1864 4218 etiampraeclare
1880 4136 1968 4200 docti
1982 4137 2016 4200 iu
2029 4136 2183 4203 doctrina

164 4160 393 4290 llrstrumentis
416 4244 459 4288 ex
480 4243 586 4287 cornu
608 4219 718 4286 lactis.
795 4241 836 4284 oe
858 4221 953 4285 ctiam
977 4230 1029 4285 est
1051 4221 1148 4284 mira·
1198 4231 1344 4285 motuum
1368 4215 1573 4285 coelestium.

165 4308 234 4376 bile
256 4308 288 4373 in
312 4307 454 4373 balsami
465 4307 586 4389 hortis,
609 4309 672 4373 sub
690 4304 884 4373 fructicibus
896 4317 974 4371 suut
997 4306 1147 4392 viperaea
1288 4305 1386 4378 Quod
1405 4306 1523 4371 dicitur
1535 4308 1719 4386 inposuisse
1728 4309 1862 4372 inruente
1874 4310 2058 4379 emaciatam,
2081 4309 2181 4397 signi-

166 4395 227 4459 das
247 4397 365 4477 pisttpe
386 4396 464 4476 dinp
486 4394 585 4460 alitur
606 4414 711 4459 succo
734 4389 890 4458 balsami:
920 4393 952 4455 id
976 4403 1039 4471 εει,
1069 4389 1146 4458 bae·
1197 4388 1318 4459 fleatur
1338 4392 1437 4471 idem,
1459 4393 1548 4478 quod
1569 4395 1603 4459 in
1626 4393 1779 4459 versibus
1801 4394 1932 4474 dieitur,

164 4484 258 4550 retici
288 4478 423 4547 aluntur
454 4501 559 4546 succo
591 4481 803 4564 scripturae,
837 4480 898 4543 sed
933 4478 1146 4565 depravatae.

166 4569 309 4644 Quando
331 4579 502 4653 putatores
524 4565 643 4632 volunt
663 4567 809 4631 incidere
822 4564 973 4646 frutices,
996 4578 1074 4631 tunc
1087 4564 1146 4629 ha·
1241 4563 1303 4624 Nil
1317 4583 1393 4632 amn.
1413 4562 1499 4625 nullo
1521 4567 1613 4626 irrisor
1634 4569 1707 4626 noai
1721 4565 1838 4626 solatia
1859 4587 1992 4628 morsum

165 4658 245 4721 bent
273 4657 440 4732 scuticas,
476 4656 597 4740 quibus
626 4650 797 4738 depellunt
824 4653 969 4735 viperas.
1027 4649 1084 4715 Sie
1112 4653 1145 4715 in
1282 4649 1467 4728 Hammeum,
1490 4654 1553 4712 nisi
1574 4652 1659 4733 prend
1680 4660 1714 4713 ιιι
1736 4672 1855 4734 putoque
1879 4652 2002 4715 Christe
2022 4658 2117 4735 peris.

164 4741 320 4807 Ecclesia
353 4744 482 4807 studea
515 4738 702 4824 depellendi
735 4748 812 4804 suut
845 4739 989 4812 fanatici.
1039 4736 1146 4803 lllulta
1246 4733 1291 4798 lb
1312 4756 1358 4796 ma
1374 4743 1513 4798 ιιιιιειιιιι
1531 4737 1689 4818 ῥιιρίιειιι,
1713 4745 1747 4798 ιιι
1772 4738 1909 4819 Christe,
1926 4741 2082 4820 padernaa

164 4827 328 4894 mirabilia
358 4849 462 4913 opera
492 4828 637 4892 ostendit
664 4827 761 4890 nobis
783 4823 878 4890 Dens
908 4827 940 4890 iu
968 4826 1146 4889 arboribus
1283 4823 1362 4899 rae,
1383 4830 1419 4884 ιιι
1439 4826 1497 4883 sien
1517 4843 1639 4885 massae
1659 4822 1801 4885 sarculos
1821 4828 1891 4905 ipse
1912 4833 1993 4888 tuoe.

164 4930 286 4979 terrae.
332 4915 366 4978 Si
398 4917 473 5001 quis
496 4911 677 4999 allegorias
704 4933 813 4977 rerum
836 4915 1043 4976 nascentium
1067 4908 1148 4976 velit

163 5001 384 5084 interpretari,
407 5023 505 5087 quam
527 4999 630 5065 multa
652 5010 792 5084 possent
814 4999 941 5064 erudite
963 4997 1049 5064 diei!
1283 4991 1385 5059 bilius
1410 4994 1472 5060 Dei
1495 4999 1634 5062 assumit
1657 4996 1832 5062 burrianum
1856 5009 2026 5079 naturam,
2059 5012 2092 5066 et
2113 5019 2178 5065 nos

1197 5092 1309 5169 gestat
1330 5092 1497 5168 umquam
1518 5080 1684 5149 surculos.
1728 5081 1849 5150 Totum
1871 5106 1979 5173 genus
2001 5086 2179 5154 humanum
