4620 5588
19 800 23 807 ,
128 742 161 797 et
184 732 341 817 cogitate,
373 727 483 817 qualis
516 731 560 795 sit
593 727 761 808 Ecclesia,
784 728 952 815 quomodo
976 724 1115 816 colliga·
1167 729 1321 796 servarit.

127 194 228 295 ass
310 280 319 293 ‚
442 192 485 278 ἢ
841 188 1058 265 rostrata
1080 188 1484 291 massmannum
1906 228 1910 236 -
1967 186 1973 195 ·
2087 196 2155 279 aaa

127 381 206 451 hum
237 381 383 473 aliquam
404 383 612 453 Ecclesiarnt
641 403 710 450 non
742 384 835 471 sinas
871 381 1010 450 omnino
1041 381 1116 449 beri
1166 394 1222 450 tac
1242 378 1376 449 luerunt
1404 382 1555 462 Sanctis3·
1587 384 1644 472 qui
1666 383 1898 450 discesserunt
1931 405 1973 451 ax
1995 386 2153 455 llieroso·

127 469 304 539 Turricam
333 474 530 539 vastitatem.
584 466 661 538 Hoc
693 482 745 537 ast
777 466 963 555 principale
994 470 1029 535 in
1050 467 1115 535 hac
1166 466 1277 555 lymis.
1931 478 1935 487 '
2095 524 2106 555 ,

17 596 20 600 -
127 555 287 625 lectione.
624 562 627 567 “
682 640 685 645 ¹
1254 552 1361 623 Sintoi
1404 556 1501 623 etiam
1542 557 1672 623 debetis
1717 557 1946 638 considerare,
1985 559 2154 664 quomodo

208 641 436 710 ¹Considerate
464 641 557 710 illum
585 641 776 709 articulum:
800 641 905 707 theon
928 640 1116 723 occaect,
1167 640 1263 711 Deos
1286 661 1420 795 sempron
1442 639 1776 796 texeritpEtcolesiaut}
1796 642 2154 801 etuffirlbssstfhwss‘

1394 750 1530 815 empore
1579 752 1687 801 arum
1718 752 1798 798 ane
1875 753 1985 800 ovum
2021 755 2056 799 ιιι
2139 768 2154 784 ·

127 815 421 981 {iniisti}
441 820 558 970 ‘iiii
577 817 801 988 'itini
824 815 1117 988 thiiiiiti
1165 814 2154 991 lii,it'‘illitati‘'titiliaiiiiihiit

127 998 207 1054 ante
229 986 387 1054 diluvium
410 985 544 1056 fuerunt
566 1008 705 1074 poenae.
738 983 1114 1065 Caininterfecithbalr
1166 990 1209 1055 rit
1234 985 1367 1140 folitia.
1425 988 1493 1055 Sed
1527 1012 1603 1058 cum
1635 1003 1829 1058 crescerent
1856 1004 2009 1076 peccata,
2042 1003 2153 1060 tamea

131 1086 252 1161 postea
278 1077 352 1162 ipse
372 1096 394 1141 a
416 1074 562 1143 Lamech
586 1076 794 1142 interficitur.
840 1073 883 1140 Et
908 1072 1014 1141 foisse
1045 1085 1115 1140 turn
1164 1074 1233 1142 Ecc
1250 1079 1321 1142 asia
1341 1075 1456 1142 hahuit
1469 1079 1709 1163 protectionem
1720 1078 1875 1145 divinam·
1895 1077 1980 1144 Post
1992 1075 2153 1147 diluvium

130 1163 222 1227 varia
244 1159 377 1228 scelera
398 1175 540 1228 testator
560 1161 717 1228 historiar
740 1163 816 1248 qula
856 1174 972 1249 ropter
993 1181 1033 1227 ea
1055 1180 1115 1244 pn·
1168 1164 1278 1229 statim
1291 1163 1402 1249 coepit
1413 1184 1450 1229 rc
1475 1184 1552 1231 aum
1565 1163 1819 1253 Babylonicum.
1842 1162 1891 1231 lbi
1904 1165 2024 1231 dicitur
2045 1166 2088 1232 de
2100 1186 2153 1234 sa·

128 1248 217 1313 nitor
239 1248 393 1313 mundus.
440 1247 521 1313 Post
545 1248 705 1314 diluvium
737 1267 806 1314 non
833 1184 942 1336 longo
965 1260 1116 1333 tempore
1167 1252 1364 1336 gregatione
1375 1183 1560 1337 Eccfesiae.
1584 1250 1660 1318 Fuit
1671 1248 1770 1317 Noha
1792 1268 1826 1317 et
1842 1251 1921 1318 Sem
1944 1249 2034 1318 circa
2046 1251 2157 1319 Sodo·.

128 1331 238 1400 deleta
267 1344 320 1401 est
348 1334 509 1414 Sodoma,
538 1356 626 1415 quaa
653 1332 714 1399 fuit
741 1333 989 1400 florentissima.
1040 1333 1115 1399 tito
1166 1358 1271 1403 mam:
1294 1348 1414 1423 posteo
1426 1338 1584 1404 eumSem
1597 1349 1689 1405 esset
1700 1357 1818 1420 senex,
1828 1349 1970 1405 vocatus
1981 1352 2034 1404 est
2045 1339 2153 1405 Abra·

127 1432 237 1486 antem
260 1436 437 1487 creverunt
459 1423 526 1487 duo
548 1418 605 1486 illa
626 1442 746 1507 regnae
771 1422 972 1509 Aegyptium
996 1430 1029 1485 et
1049 1418 1116 1484 Ba·
1167 1421 1288 1488 hamat
1301 1423 1440 1489 eductos
1453 1422 1787 1510 inhiesopotamiamr
1811 1422 2155 1511 enlilesopotamialn¹

128 1504 330 1593 bylonicum.
374 1508 424 1573 Ea
440 1520 476 1573 et
495 1509 583 1573 inter
604 1528 642 1573 se
729 1520 843 1573 serunt
866 1504 963 1591 bella,
986 1517 1115 1573 etcum
1168 1506 1315 1577 canaan.
1360 1509 1486 1576 Postea
1510 1512 1659 1577 servavit
1676 1509 1771 1577 Deus
1792 1508 1975 1590 Abraham,
1999 1510 2096 1578 lsaac
2119 1526 2155 1577 et

127 1593 247 1659 vicinis
269 1595 435 1680 gentibus.
469 1593 582 1674 Scitis,
606 1608 708 1680 quae
728 1613 868 1681 regnum
889 1592 988 1661 fuerit
1004 1592 1123 1678 ssaaya-
1168 1595 1270 1664 lacoh
1292 1598 1465 1682 usquead
1488 1599 1697 1664 eductionem
1718 1599 1825 1664 eer
1873 1610 1950 1681 ptor
1973 1609 2155 1687 postquam

125 1675 286 1758 ionicam,
297 1682 464 1766 quomodo
476 1682 639 1747 domuerit
652 1682 825 1759 orientem,
836 1682 1006 1767 quomodo
1018 1682 1116 1744 obse·
1168 1684 1350 1749 constituta
1364 1694 1416 1754 est
1438 1681 1553 1769 politia
1574 1682 1734 1751 Mosaios.
1779 1684 1822 1751 Et
1868 1684 1974 1750 abetis
1996 1686 2041 1751 ab
2063 1684 2155 1751 exito

127 1766 212 1832 derit
224 1764 503 1853 Hierosolymam,
525 1781 558 1833 et
571 1769 704 1835 tandem
716 1765 888 1835 deleverit.
902 1768 1026 1834 Postea
1038 1784 1115 1831 suc·
1167 1788 1209 1834 ex
1233 1768 1390 1855 Aegypto
1412 1790 1520 1855 usque
1547 1770 1591 1835 ad
1613 1770 1874 1838 destructionem
1895 1765 2154 1858 Hierosolytuatt

127 1854 231 1918 cessit
242 1872 380 1940 regnum
389 1855 577 1926 Pomorum,
590 1852 790 1939 quodmalto
802 1857 945 1919 maiores
957 1851 1120 1919 namatio·-
1165 1873 1274 1921 annos
1300 1854 1394 1935 tosa,
1417 1855 1461 1920 40
1482 1858 1580 1924 annis
1609 1855 1745 1924 fuerunt
1766 1859 1800 1923 in
1822 1858 1970 1935 deserto.
2011 1856 2073 1923 llis
2095 1857 2152 1923 de·

125 1958 189 2007 nes
216 1935 595 2027 fecit,qaamsuperios.
619 1939 729 2028 Cyrus
742 1938 834 2007 illam
845 1940 1116 2021 florentissimam
1168 1942 1289 2019 ductis,
1308 1944 1489 2008 manebunt
1509 1946 1587 2012 annl
1610 1944 1706 2025 tots,
1728 1947 1773 2011 ab
1794 1945 1953 2033 ingressu
1974 1945 2007 2010 ln
2030 1954 2154 2009 terram

150 2036 255 2091 anem
268 2026 401 2112 generis
415 2026 593 2093 bomaniin
618 2027 710 2093 lonia
731 2024 937 2093 horribiliter
958 2027 1115 2094 vastavit.
1167 2027 1324 2108 canaan,
1356 2047 1465 2115 usqua
1496 2034 1540 2098 od
1571 2031 1672 2098 finem
1704 2029 1848 2118 politiae.
1904 2030 1966 2097 Hic
1994 2044 2154 2097 numerus

126 2045 599 2266 §illnssfflmwmissmm
607 2111 1116 2266 belgitmtttiqmigrlittotqegt'tlstoeet:
1167 2121 1241 2271 iarn¹
1254 2119 1371 2181 iterum
1382 2117 1617 2267 esttexpletus,
1639 2139 1660 2182 a
1664 2120 1841 2271 ἂιῑίιίἷιιῑό
1853 2116 1995 2269 Christtir
2018 2129 2051 2183 et
2074 2136 2154 2268 cond

192 2220 227 2263 m
284 2220 306 2264 v
347 2243 356 2261 .
439 2220 635 2266 naumanr
679 2221 722 2265 ua
794 2221 814 2265 a
855 2221 940 2265 nec
978 2221 994 2263 r·
1244 2222 1363 2269 cneum
1645 2225 1663 2269 s
1700 2226 1737 2270 ra
1787 2224 1831 2270 on
1958 2224 2129 2270 amosa

128 2221 1117 2439 couterinumricinium:
1167 2224 1912 2465 inestiiilriuc³ii
1933 2226 2153 2445 retiati

127 2476 193 2525 nee
214 2459 247 2523 tn
269 2476 376 2544 regno
398 2456 594 2538 Alexandri,
616 2470 649 2523 et
680 2454 799 2539 'osteo
830 2461 863 2524 tn
887 2456 1027 2542 imputo
1048 2456 1117 2522 Ro·
1167 2464 1283 2537 suma
1303 2464 1419 2550 potata
1442 2464 1558 2546 bruel,
1579 2467 1623 2532 ad
1644 2463 1744 2531 finem
1764 2400 1884 2551 isica.
1927 2462 2002 2531 Nm
2022 2462 2086 2525 ωιι
2102 2461 2154 2527 ιιι

127 2562 240 2613 mano.
270 2542 418 2611 Tandem
439 2481 752 2641 commovehonl'tie
773 2541 852 2641 illae
875 2543 1041 2615 barbarae
1058 2563 1116 2611 na·
1166 2550 1384 2621 aracleam
1405 2562 1519 2633 erman,
1552 2573 1656 2641 quare
1688 2554 1733 2615 sit
1754 2553 1935 2619 constituta
1967 2546 2082 2636 politia
2103 2548 2154 2616 lu·

127 2632 251 2785 Ἄξιος,
287 2650 374 2783 qffle
395 2633 495 2698 etiam
517 2642 691 2727 vastarunt
718 2624 894 2727 imperium
915 2628 1116 2719 Romanum,
1166 2639 1272 2715 quiea,
1906 2674 1909 2681 -
1953 2674 1958 2683 .

178 2718 275 2799 abes,
327 2700 409 2799 lici,
431 2716 569 2801 Persae.
635 2790 638 2795 .
1204 2774 1207 2783 .
1654 2792 1657 2796 ,

213 2792 359 2883 Videtii,
389 2798 517 2891 quales'
530 2806 704 2889 uastitatem
726 2802 826 2877 ’l'urci
849 2803 950 2869 hodie
979 2799 1117 2879 faciant,
1344 2830 1371 2881 .·
1808 2870 1813 2881 ,
2091 2828 2096 2837 ·
2150 2880 2156 2889 ‚

127 2895 162 2957 ln
194 2888 309 2959 moltis
341 2891 493 2977 partibas
514 2891 617 2958 Asiae
651 2902 705 2958 est
737 2889 894 2957 solitudo.
961 2888 1049 2955 Sunt
1068 2889 1117 2956 ihi
1224 2887 1361 2993 Quare
1392 2900 1456 2975 est
1484 2889 1705 2975 constitum
1735 2888 1876 3002 politia
1905 2886 2099 2972 Iudaica?

128 2974 264 3043 stabula
290 2996 461 3062 pecorum,
493 2990 528 3045 et
555 2975 723 3046 latronum
755 2976 1008 3045 Torcicorum'
1037 2975 1116 3042 Non

127 3073 209 3132 turrt
237 3060 394 3131 civitates
421 3064 584 3151 insignes,
617 3064 707 3133 sicot
740 3064 852 3132 audivi
885 3059 1029 3141 axillis,
1059 3064 1116 3150 qul
1252 3054 1478 3146 Posteaquam
1508 3068 1587 3123 aunt
1619 3050 1728 3123 iactae
1759 3074 1901 3159 magnete
1935 3049 2156 3159 confusiones

127 3148 228 3216 isthic
250 3147 401 3218 locorum
422 3147 567 3217 fuerunt.
613 3146 757 3218 Graecia
784 3151 856 3233 'iarn
888 3160 941 3216 est
969 3145 1128 3236 solitudo,
1167 3144 1300 3234 generis
1322 3142 1475 3231 humani;
1504 3141 1598 3209 Deos
1624 3142 1788 3231 immensa
1808 3143 1957 3208 bonrtate
1981 3141 2155 3243 construit

81 3289 84 3293 .
151 3254 210 3302 rao
230 3230 289 3302 illo
311 3237 407 3319 flora,
427 3236 485 3324 qui
505 3234 568 3305 suit
595 3238 825 3325 superioribus
858 3232 1014 3304 saeculis
1059 3234 1116 3301 Vi·
1166 3232 1441 3322 centumpedam
1472 3226 1666 3308 Ecclesiae,
1698 3239 1733 3294 et
1759 3227 1911 3318 inprimis
1938 3239 1975 3294 ut
1996 3228 2153 3309 sciretur,

126 3258 214 3391 hetta
235 3322 302 3390 lom
324 3324 423 3390 etiam
444 3344 543 3390 roera
560 3344 598 3391 re
647 3347 700 3391 nm
722 3324 946 3412 Ungaricumr
980 3321 1115 3409 etquid
1165 3302 1240 3397 ttbi,
1273 3337 1341 3404 quo
1374 3313 1473 3397 loco,
1506 3327 1540 3382 ct
1573 3336 1617 3383 ax
1644 3335 1721 3401 qua·
1737 3315 1843 3401 stirpe
1869 3324 2031 3420 venturos
2060 3323 2155 3405 esset

128 3410 173 3476 sit
200 3404 347 3478 futurum
373 3411 407 3477 in
428 3408 558 3498 reliqua
579 3344 737 3498 Ehnmpae
758 3406 935 3496 particula,
963 3409 998 3476 id
1020 3406 1115 3476 Dens
1165 3402 1328 3472 Messias:
1359 3405 1436 3508 ideo
1470 3402 1652 3469 constituta
1676 3414 1731 3467 est.
1755 3414 1850 3507 certe
1876 3395 2014 3508 polrtia3
2044 3397 2155 3467 electe

128 3496 232 3562 novit.
1168 3501 1262 3557 certa
1283 3510 1381 3577 gens,
1402 3510 1469 3555 nno
1491 3501 1612 3575 postea
1634 3498 1727 3557 certa
1747 3483 1872 3556 familia
1892 3484 2053 3567 Davtdrs,·
2073 3507 2154 3555 coa»

214 3581 396 3648 Discamus
411 3593 523 3649 autem
545 3602 590 3650 ax
610 3582 665 3647 his
686 3583 769 3668 ipsis
791 3579 953 3667 exemplis
964 3581 1116 3647 timorem
1168 3576 1306 3645 stitutus
1328 3588 1381 3643 est
1403 3586 1516 3643 cartus
1537 3572 1656 3655 locos,
1684 3587 1778 3641 certa
1802 3571 1929 3662 politia.
1979 3568 2047 3639 Alii
2071 3572 2152 3639 inra-

128 3666 275 3750 Domini,
296 3678 330 3734 et
350 3670 536 3757 cogitemus
582 3688 687 3735 oenus
704 3669 820 3757 augeri
842 3680 980 3754 propter
1001 3666 1116 3754 singa-
1168 3662 1272 3750 pinati
1295 3674 1394 3742 sunt,
1419 3664 1496 3729 idco
1518 3662 1732 3729 constitutum
1761 3681 1840 3727 esse
1867 3658 2017 3748 politiam
2037 3660 2155 3739 istaut

98 3798 114 3829 .
128 3751 237 3822 lorum
261 3766 413 3842 peccata.
457 3688 676 3823 cumulantur
702 3757 787 3821 enlm
817 3772 1010 3821 communes
1037 3773 1116 3839 poe·
1167 3750 1245 3902 quia
1269 3746 1381 3829 Deos,
1409 3747 1574 3835 inquiunt,
1600 3749 1737 3853 requirit
1765 3744 1852 3814 tales
1866 3743 2010 3853 ocultus,
2038 3745 2071 3813 in
2094 3742 2174 3823 tall¹

127 3860 205 3921 nae,
228 3842 306 3928 qula
332 3838 457 3929 singuli
490 3839 614 3929 aliquid
644 3841 832 3909 conserunt.
879 3839 1047 3927 Propheta
1069 3841 1117 3905 in·
1181 3857 1261 3913 oco;
1282 3849 1318 3903 ct
1338 3835 1395 3903 ubi
1415 3856 1485 3902 non
1508 3831 1628 3902 colitur
1649 3832 1773 3902 tahbus
1796 3831 1954 3914 culttbas,
1972 3853 2040 3899 non
2059 3842 2154 3923 recta

129 3929 213 4016 quit:
247 3926 359 3991 orma
379 3937 569 4010 peccatores
591 3928 709 4011 papali
734 3930 794 3990 mei
817 3926 966 4011 peribant
991 3926 1116 4010 plodio,
1168 3919 1299 3989 colitur.
1355 3921 1423 3988 Sed
1455 3918 1514 3988 iila
1546 3933 1601 3988 est
1629 3940 1767 4004 caussa,
1799 3919 1841 3988 de
1870 3940 1936 4008 quo
1959 3919 2047 3997 dixi3
2073 3918 2153 4007 qnia

128 4018 184 4098 qut
204 4015 331 4078 diescat:
357 4035 420 4078 noa
442 4008 679 4100 appropinquat
701 4015 746 4079 od
766 4037 826 4079 nos
851 4013 974 4079 molam.
1019 4010 1116 4078 Plaa·
1166 4008 1261 4076 Dens
1282 4009 1446 4075 immensa
1466 4008 1615 4075 bonitate
1638 4006 1727 4074 misit
1743 4004 1872 4086 Filium,
1888 4002 1994 4073 soluit
2009 4004 2154 4094 agnosci

128 4101 224 4188 rique
247 4114 363 4168 sumans
384 4100 482 4169 tales.
528 4100 689 4169 Putamus
721 4096 803 4167 nihil
821 4119 901 4166 asse
921 4099 1013 4165 mali:
1048 4098 1115 4164 Ha·
1166 4095 1299 4163 Filiam:
1321 4092 1427 4161 voluit
1448 4091 1600 4162 homines
1623 4114 1701 4162 esse
1722 4105 1836 4160 certos
1853 4093 1896 4159 da
1917 4088 2013 4159 lilio.

128 4189 248 4256 bemus
268 4185 392 4277 longas
414 4199 449 4256 et
468 4184 591 4255 stultas
612 4207 710 4274 apest
737 4198 771 4254 et
792 4185 830 4252 lit
851 4184 919 4252 hcc
940 4186 983 4252 de
1005 4187 1116 4267 nobis,
1252 4179 1412 4249 Profecto
1439 4178 1500 4248 fuit
1525 4181 1645 4268 ingens
1672 4178 1872 4248 beneficium
1891 4177 1958 4245 Dei
1979 4197 2058 4245 asse
2079 4174 2153 4247 alli-
2185 4234 2192 4241 .

128 4275 219 4360 quod
240 4276 306 4355 dici
327 4274 431 4342 solet:
451 4264 575 4357 μᾶταιοι
595 4275 710 4357 μάταια
742 4276 909 4357 λογίζονται
935 4270 987 4338 dni
1008 4278 1116 4337 ἐπιθυ·
1168 4281 1278 4359 getam
1300 4266 1488 4335 Ecclesiam
1510 4269 1554 4333 ad
1572 4279 1698 4334 canam
1724 4266 1857 4346 sedem,
1884 4278 1921 4332 ot
1943 4266 2085 4337 sciretur
2104 4264 2152 4333 ibl

129 4368 212 4441 μίας.
256 4359 328 4423 Wr‘a
347 4365 407 4424 wir
439 4364 565 4445 perreipt
596 4365 672 4435 reta,
695 4383 732 4424 so
749 4363 884 4444 finpiren
905 4361 964 4420 wir
984 4380 1042 4421 uas
1063 4358 1117 4420 dis
1167 4377 1245 4423 esse
1277 4352 1411 4441 aliquos
1446 4355 1607 4420 custodes
1640 4355 1820 4420 doctrinae.
1876 4350 1998 4419 Esaias
2030 4354 2147 4446 inquit:

130 4446 196 4509 md
217 4447 288 4510 dot.
335 4446 507 4521 ctedtrmu,
536 4469 578 4509 ott
598 4451 654 4531 qui
675 4454 791 4519 meant,
818 4450 884 4530 t'ptt‘
908 4444 971 4508 stit
996 4448 1116 4507 somnio
1166 4443 1243 4505 Nisi
1259 4441 1348 4503 Deua
1367 4440 1545 4524 reliquisset
1564 4440 1655 4503 nobis
1675 4461 1789 4513 semen,
1813 4441 1899 4520 socii
1919 4461 2051 4504 etaemus
2068 4444 2150 4507 dcet

125 4534 273 4615 firtpanti
294 4533 368 4601 Hoc
391 4537 435 4602 de
456 4534 611 4601 omnibns
631 4533 806 4601 affectibus
827 4553 943 4599 verum
965 4543 1028 4597 est.
1166 4528 1315 4590 Sodoma.
1376 4525 1516 4614 Semper
1547 4538 1656 4594 autem
1688 4529 1745 4593 ubl
1778 4540 1831 4594 est
1864 4524 2002 4613 aliquod
2035 4548 2151 4598 semcn

217 4620 281 4686 llic
302 4632 354 4688 est
375 4619 474 4688 locus
496 4617 690 4706 principalis
712 4621 745 4686 ln
768 4618 833 4686 hac
854 4616 1015 4686 lectione:
1037 4635 1116 4704 pro·
1166 4625 1337 4693 sanctum,
1365 4612 1562 4702 relinquitur
1589 4609 1755 4681 Ecclesia.
1806 4613 1874 4680 lam
1900 4634 1968 4679 non
1997 4626 2051 4681 est
2078 4613 2149 4683 alli·

130 4717 299 4857 gonuntor
340 4728 494 4794 poenae3
534 4708 731 4794 proponitur
773 4708 872 4772 ctiam
916 4702 1114 4771 consolatio.
1166 4713 1246 4807 gata
1266 4697 1431 4806 Ecclesia·
1448 4701 1491 4766 ad
1519 4699 1788 4805 unamaliquam
1813 4698 1979 4807 politiam,
2002 4712 2038 4805 et
2059 4700 2151 4768 colli·

159 4794 284 4859 clamos
306 4804 416 4861 tamen
439 4792 549 4862 Deum
577 4794 662 4859 inter
694 4788 773 4858 illas
804 4793 919 4857 ruinas
954 4788 1032 4856 colli
1058 4811 1116 4857 ere
1165 4800 1256 4940 &rtur
1278 4806 1321 4853 ex
1344 4786 1498 4854 omnibus
1519 4789 1687 4938 qentrbus.
1737 4784 1800 4853 llla
1820 4787 1882 4855 fort
1904 4783 2062 4853 Ecclesra
2083 4811 2149 4857 me·

130 4876 331 4953 Ecclesiam,
365 4882 454 4950 sicut
486 4881 645 4967 promittit
678 4880 776 4944 nobis
797 4877 903 4943 Filios
925 4876 1009 4943 Dei:
1070 4898 1114 4959 pc
1189 4876 1242 4941 iae
1272 4875 1391 4940 aetatis
1424 4874 1547 4940 mund.
1601 4872 1676 4940 Fuit
1704 4873 1791 4940 haec
1819 4872 2000 4961 praecipua
2028 4894 2151 4943 caussa

129 4965 261 5046 portabo
282 4974 325 5040 te,
347 4987 406 5050 eqo
424 4969 528 5048 feram
549 4968 746 5042 tertianis
766 4972 892 5027 senecta
912 4962 1052 5051 portabo
1074 4968 1113 5027 te.
1166 4961 1370 5029 constitutae
1391 4956 1481 5027 illius
1501 4955 1653 5045 politiae,
1679 4974 1716 5026 ut
1737 4960 1899 5043 sciretur,
1928 4978 1971 5024 ex
1999 4980 2066 5048 qoo
2089 4985 2150 5049 po·

131 5048 229 5118 llanc
252 5050 516 5121 consolationem
537 5065 729 5132 teneamus,
762 5060 795 5116 at
826 5053 917 5117 veris
939 5049 1114 5138 gemitibus
1165 5043 1246 5134 pulo
1273 5042 1420 5113 Messias
1448 5060 1611 5114 venturos
1637 5059 1739 5113 esset.
1791 5043 1904 5113 Voluit
1926 5044 2023 5113 Deus
2045 5046 2150 5117 hlium

52 5194 55 5199 .
132 5150 296 5227 ww,
316 5150 353 5215 tti
374 5142 566 5243 mitigentur
582 5134 740 5227 'pecode
767 5138 855 5238 sicut
872 5148 958 5229 ,tuuc
985 5136 1113 5226 mitiga·
1164 5135 1198 5202 iu
1218 5130 1278 5200 illo
1299 5129 1425 5221 populo
1448 5134 1549 5202 edere
1569 5130 1776 5235 testimonia,
1797 5134 1844 5201 ibi
1866 5131 2017 5235 conspici
2038 5146 2072 5202 et
2093 5156 2151 5237 ⁸²⁶².
