4620 5588
153 200 237 278 rw
809 203 1052 273 rmum
1074 201 1550 273 scaimaaxauamon.
2120 200 2188 276 rts

170 412 248 469 eata
270 394 385 465 teret
429 396 505 462 Non
530 396 626 463 trote
659 394 921 469 mandantem,
947 393 1008 459 sed
1027 415 1156 477 pernen·
1204 393 1348 480 phemia,
1368 406 1405 460 ut
1427 404 1601 480 peccatum
1623 390 1772 460 Diaboli.
1816 392 1879 459 est
1907 394 2041 481 quidem
2070 407 2189 466 contra

170 489 277 555 the:
302 485 382 572 qula
416 502 481 551 nos
508 503 575 548 non
597 500 779 568 possumus
801 482 997 559 emendare,
1032 497 1066 546 et
1087 502 1155 548 mu·
1206 480 1458 558 conscientiam,
1481 491 1515 544 ct
1535 477 1652 566 lapsus
1675 480 1886 546 tristissimus
1898 526 1909 561 ,
1942 481 2003 547 sed
2030 479 2092 550 luit
2106 482 2188 549 live

170 585 246 639 tate
268 584 390 637 statum
416 569 601 656 publicum,
636 568 697 633 sed
720 570 844 655 gemitu
867 567 1074 634 ostendimus
1097 588 1155 633 no·
1207 567 1349 652 decepta
1369 587 1392 631 a
1413 563 1581 644 Diabolo,
1616 567 1671 654 qui
1701 568 1780 632 odio
1802 566 1877 634 Filii
1898 567 1963 634 Dei
1985 569 2052 636 hoc
2072 568 2187 637 scelus

168 672 276 724 stram
310 657 510 724 sententiam
543 668 577 721 et
611 650 876 732 confessionem,
913 650 999 718 aliua
1031 656 1154 742 magis,
1205 649 1300 718 lacit:
1345 652 1487 742 Domni
1518 659 1603 735 trept
1632 652 1710 716 Gott
1736 655 1857 737 perluit.
1905 654 2061 722 Dorsaclt
2080 657 2188 740 haupt

169 741 260 812 atra
282 746 400 810 miuus.
445 740 497 807 llli
521 752 694 831 gementes
724 739 822 827 apud,
835 736 1044 805 Ezechielem
1076 752 1155 806 sunt
1206 739 1258 800 dir
1279 737 1360 800 cael
1380 739 1479 805 daza:
1499 738 1576 804 Non
1599 737 1672 804 vult
1694 739 1786 807 Deus
1815 762 1912 808 suam
1934 743 2109 829 imaginem
2137 765 2187 811 re·

169 833 206 899 h
228 832 295 897 hoc
316 830 423 895 dieto:
452 828 653 911 Esurtem
688 835 722 894 et
742 832 889 893 normes
915 828 1091 907 metitimru
1118 839 1155 892 ut
1206 826 1273 911 digi
1296 826 1329 890 in
1347 823 1484 889 nihilum
1506 838 1540 891 at
1606 824 1691 903 rira3
1723 829 1810 894 sicut
1843 849 1910 894 uon
1942 826 2050 896 voluit
2069 849 2186 898 omues

170 938 263 985 nuuc
283 927 362 983 sunt
384 912 477 981 multi
501 917 579 981 boui
600 916 662 982 viri
684 916 719 980 in
742 910 847 992 ltalia,
878 909 1007 990 Gellia,
1036 912 1156 999 llispa·
1205 908 1348 998 angelos
1370 913 1489 997 perire,
1511 931 1551 977 aa
1597 909 1702 978 voluit
1723 910 1857 1001 aliquos
1890 934 2026 984 manere
2057 919 2091 983 in
2118 930 2187 986 ste·

169 1005 240 1082 ala,
262 1001 400 1090 Argita,
422 1014 456 1068 et
473 999 663 1082 Germania,
684 1001 741 1089 qui
763 1001 889 1066 hebent
909 996 1034 1085 aliquid
1055 995 1157 1078 lucis,
1206 999 1296 1064 done
1318 1011 1352 1063 et
1375 993 1499 1063 officio.

170 1091 235 1159 sed
255 1111 324 1156 non
345 1100 491 1176 possunt
513 1099 641 1155 mutare
662 1099 784 1153 statum
813 1083 995 1170 publicum,
1016 1096 1154 1173 gaurum
1294 1082 1366 1149 Vos
1388 1085 1482 1148 scitis
1505 1082 1652 1171 regulam
1674 1083 1781 1152 illam:
1811 1087 2037 1151 Mamaeam·
2056 1099 2190 1173 eperat

169 1189 206 1244 et
239 1175 431 1264 deplorent:
464 1177 511 1243 m
536 1178 606 1241 tlte!
625 1175 724 1242 idaea
745 1173 902 1238 baratro
930 1176 1036 1252 melre,
1065 1174 1156 1259 quod
1205 1171 1367 1233 iudiciuae.
1413 1167 1493 1231 Gott
1512 1169 1576 1233 Μ
1597 1175 1683 1238 aeine
1703 1175 1796 1237 aceiae
1817 1174 1905 1238 aba:
1938 1173 2113 1261 Temperat
2140 1179 2187 1244 ia·

169 1263 384 1332 stabiliuntur
404 1259 507 1338 idola,
529 1272 563 1327 et
584 1262 674 1347 quod
696 1259 890 1345 opprimitur
910 1254 968 1323 lux
991 1260 1155 1340 veritatis,
1205 1253 1328 1324 stitiam
1350 1257 1591 1336 misericordie,
1613 1259 1659 1324 lta
1680 1272 1716 1325 ut
1738 1275 1874 1347 superet
1896 1263 2123 1330 misericordia
2141 1265 2188 1328 iu·

66 1392 74 1406 ·
170 1354 271 1418 etiam
293 1353 337 1416 ab
359 1349 418 1426 iis,
451 1350 508 1434 qui
531 1349 691 1413 deberent
713 1365 792 1412 csse
814 1355 919 1410 testes
940 1358 974 1410 et
996 1346 1155 1412 custodes
1206 1345 1346 1419 dicium3
1368 1344 1445 1430 quia
1466 1341 1568 1408 habet
1593 1343 1802 1430 prohabilem
1835 1351 2018 1426 rationem,
2051 1349 2188 1435 quaudo

79 1444 82 1448 ’
148 1435 272 1504 'uerae
294 1436 475 1502 doctrinae.
510 1431 560 1498 llli
582 1435 722 1521 gemitus
743 1442 824 1498 suot
839 1428 1154 1518 ingentesdolores,
1205 1443 1285 1496 sunt
1307 1431 1516 1508 invocantes,
1539 1443 1572 1496 et
1592 1426 1711 1496 volunt
1732 1435 1894 1498 converti.
1938 1435 2007 1502 Sed
2033 1437 2090 1522 qui
2118 1456 2188 1502 acu
2265 1489 2268 1493 .

172 1526 228 1612 qui
251 1524 328 1589 inde
360 1522 528 1600 eristum,
561 1520 651 1607 quod
684 1521 837 1586 doctrine
870 1538 951 1583 vera
984 1539 1053 1584 noa
1076 1538 1156 1583 con·
1205 1517 1376 1594 invocant,
1400 1536 1464 1581 neo
1480 1512 1597 1581 volunt
1619 1521 1768 1584 converti
1780 1565 1792 1599 ,
1826 1520 1883 1606 qui
1914 1519 2033 1587 volant
2064 1523 2188 1608 perire,

169 1624 326 1677 servetur
347 1621 381 1674 et
401 1605 597 1675 illustretur.
1205 1622 1270 1670 uec
1291 1599 1409 1668 volunt
1431 1601 1708 1684 miscricordiam,
1739 1619 1878 1691 pereant
1907 1627 1999 1674 sane
2043 1607 2105 1671 ltrt
2125 1608 2190 1670 rol·

258 1696 317 1762 Sic
339 1708 373 1762 et
394 1691 460 1760 alia
482 1690 585 1759 multa
605 1702 684 1759 sunt
705 1689 912 1776 deploranda
933 1692 967 1755 in
990 1691 1155 1757 communi
1206 1696 1259 1753 tert
1279 1689 1361 1753 cuch
1387 1687 1559 1773 Principes
1591 1690 1826 1758 misericordes
1858 1713 1935 1778 repo
1968 1715 2049 1782 erga
2070 1692 2188 1762 Eccle-

170 1795 270 1850 statu.
310 1785 435 1849 Eutche
449 1781 577 1846 retem
592 1783 695 1846 wool
711 1799 755 1845 on
771 1796 834 1844 oon
849 1781 1011 1858 scrupea
1026 1779 1156 1860 diapen,
1205 1776 1302 1855 siam,
1325 1788 1359 1840 et
1382 1786 1475 1840 recte
1508 1775 1708 1841 sentientes:
1743 1782 1820 1865 quia
1854 1801 1920 1846 non
1952 1794 2006 1846 est
2039 1783 2187 1863 dublum,

172 1884 206 1935 et
228 1881 339 1935 tacent
359 1868 403 1933 ad
425 1865 604 1932 horribiles
626 1862 845 1932 idololatrias.
880 1863 928 1929 lta
944 1861 1157 1931 stabiliuntur
1206 1864 1283 1949 quin
1307 1858 1402 1927 Deus
1425 1873 1538 1925 servet
1563 1880 1645 1926 suas
1677 1867 1942 1949 promissiones,
1971 1878 2005 1932 et
2038 1881 2188 1953 praestet

115 1944 122 1961 ⁹
172 1968 208 2022 et
250 1952 487 2020 confirmantur
529 1971 664 2018 errores
707 1952 849 2018 eudocia
885 1951 1155 2017 adversariorum
1205 1949 1464 2014 misericordiam
1486 1947 1548 2016 iis,
1582 1949 1638 2034 qui
1671 1949 1808 2016 alilictis
1841 1951 2064 2038 opitulantur,
2096 1957 2188 2020 iuxta

171 2053 292 2108 contre
314 2037 512 2106 Ecclesiam.
567 2036 694 2105 Dolent
727 2058 809 2124 ergo
832 2038 888 2121 pii,
917 2037 1008 2122 quod
1030 2039 1155 2102 veritas
1206 2035 1328 2102 dictum
1353 2032 1491 2101 Psalmi:
1514 2032 1636 2097 Beatus
1668 2041 1723 2116 qui
1754 2038 1905 2122 intellipit
1936 2061 2030 2122 seper
2061 2060 2188 2123 eperum

83 2176 86 2180 «
170 2149 240 2195 uon
262 2125 440 2205 illucescit,
473 2125 535 2189 sed
569 2125 765 2212 opprimitur
795 2121 905 2190 multis
934 2125 1055 2189 modis.
1111 2122 1156 2188 lis
1207 2128 1238 2183 at
1253 2142 1436 2203 pauperem.
1481 2119 1560 2183 Gott
1579 2119 1645 2182 teet
1665 2126 1734 2184 rem
1754 2134 1842 2207 wort,
1865 2129 1993 2192 etiamsi
2016 2148 2083 2191 non
2101 2147 2189 2192 sem·

171 2211 331 2282 vcro‘hic
352 2212 552 2296 promittitur
574 2208 781 2286 consolati03
809 2213 887 2296 quia
905 2212 1038 2275 tandem
1060 2209 1155 2276 Deus
1177 2205 1181 2223 ¹
1204 2229 1266 2294 per
1287 2205 1535 2286 illaeveuiunt,
1556 2227 1643 2294 quae
1665 2229 1729 2275 nos
1751 2215 1977 2291 somniamus,
2010 2226 2048 2278 et
2075 2234 2177 2300 quam

172 2302 285 2368 educit
306 2298 417 2365 lumen
440 2319 482 2363 err
504 2299 670 2375 tenebris,
699 2299 823 2363 ueritas
848 2294 1016 2362 illucescit
1079 2300 1158 2383 iqua
1177 2226 1184 2384 l
1206 2295 1259 2360 vis
1280 2314 1385 2381 saepe
1402 2293 1550 2359 differtur
1570 2292 1728 2362 auxilium
1750 2296 1827 2364 Dei.

171 2407 215 2454 ex
237 2398 348 2472 parta;
378 2398 411 2450 et
443 2385 532 2470 apud
565 2380 713 2472 aliquos,
745 2404 789 2450 ue
819 2381 919 2467 plane
942 2405 1007 2469 opp
1057 2400 1155 2450 ratur.
1294 2379 1394 2443 Beati
1414 2380 1527 2442 rnwaedn
1546 2382 1666 2463 corde]
1712 2381 1749 2448 ld
1771 2398 1840 2464 est,
1864 2387 1967 2464 casti,
1994 2397 2031 2452 ut
2052 2387 2189 2453 dicitur:

164 2473 245 2556 'Apes
265 2472 299 2538 δὲ
320 2477 351 2547 ἐς
372 2474 440 2556 φῶς
461 2470 515 2550 τήν
542 2470 691 2550 α’λῆθειαν
717 2471 833 2557 χρόνος.
887 2474 1024 2556 Tetttprte
1052 2474 1161 2538 educit
1206 2466 1282 2530 Siue
1303 2470 1551 2549 eoactificutimte
1578 2488 1666 2530 nemo
1694 2470 1812 2533 uidebit
1833 2473 1951 2535 Deum:
1972 2472 2080 2553 Dorffl
2101 2472 2191 2536 ntem

174 2566 343 2628 ceritatem
365 2568 401 2625 tn
421 2563 533 2625 licem.
578 2558 640 2622 Est
662 2557 834 2638 senarius,
866 2577 1058 2644 congruens
1081 2578 1156 2624 cum
1207 2555 1401 2638 pultrel-'em
1430 2554 1519 2639 quod
1549 2569 1807 2638 perseverantes
1833 2561 1867 2625 in
1896 2557 2088 2625 lrbrdrmbus
2111 2579 2189 2645 pro·

80 2673 82 2681 ·
173 2645 234 2712 illo
259 2642 388 2730 vulgari
411 2645 517 2709 dicto:
543 2647 709 2728 Temporis
727 2648 797 2725 filio
818 2654 871 2711 eat
885 2652 1014 2712 amcos.
1207 2640 1319 2707 hihitis
1341 2638 1497 2728 placeant
1519 2640 1604 2706 Deo.
1647 2642 1848 2706 scortatores
1880 2644 1917 2709 rt*
1944 2646 2105 2711 adstiterat
2128 2666 2190 2728 ps·

261 2736 358 2799 Bentr'
377 2734 614 2811 noemmordea
637 2740 785 2818 quoniam
805 2733 1062 2798 mirmicordtum
1083 2753 1158 2799 eon-
1207 2733 1255 2792 rn‘t
1277 2729 1373 2790 Deua
1419 2728 1564 2793 Additur
1584 2740 1696 2796 eutem
1717 2729 1772 2795 hic
1794 2734 1836 2798 da
1857 2736 2022 2813 castitate,
2042 2736 2191 2816 mosim

156 2824 374 2902 ‘semanimi
431 2816 506 2883 Dea
537 2821 634 2901 dorff
653 2823 769 2886 ketner
793 2823 912 2900 imper
938 2821 1140 2886 declaration
1147 2841 1159 2900 ;
1209 2815 1289 2879 tales
1309 2815 1411 2877 Dama
1432 2814 1595 2876 cidebmrte
1612 2817 1646 2881 id
1666 2829 1731 2895 est,
1749 2821 1837 2884 casti
1859 2821 2007 2906 inprimis
2026 2831 2190 2884 ornantur

162 2924 209 2972 ‘et
226 2909 363 2986 peroret
383 2905 493 2970 indeo
506 2906 629 2970 Peolm:
660 2908 792 2983 Beatus,
814 2912 871 2988 qut
890 2911 1038 2987 malms
1058 2927 1160 2991 asper
1208 2905 1274 2969 isto
1299 2905 1400 2980 bono,
1423 2902 1514 2987 quod
1536 2903 1569 2967 in
1592 2903 1640 2968 eis
1663 2901 1775 2969 lumen
1797 2908 2000 2992 sapientiae,
2024 2920 2057 2971 et
2079 2906 2191 2971 consi-

174 3011 309 3073 eperum
330 2994 363 3056 et
383 3009 569 3073 pauperem.
628 2992 702 3056 Gott
730 2995 814 3058 tetta
846 2997 926 3058 oleo·
984 2994 1052 3069 Orto
1072 3014 1159 3060 men
1209 2989 1244 3055 lii
1266 2989 1373 3055 maius
1395 2999 1457 3052 est.
1502 2986 1734 3068 Eoontrurio‚
1747 2988 1864 3074 polluti
1886 2990 2090 3070 libidinibus,
2108 3003 2190 3057 suut

174 3082 258 3143 'rutro
289 3084 395 3142 menet
423 3082 573 3158 netu,
614 3079 726 3142 emim
765 3085 939 3144 metientur
970 3083 1029 3144 alit
1059 3082 1158 3147 robob.
1209 3074 1317 3156 tales,
1345 3075 1403 3161 qui
1436 3074 1590 3140 castitate
1622 3087 1722 3142 ruunt
1752 3078 1787 3143 iu
1815 3076 1917 3145 multa
1942 3099 2067 3166 magua
2087 3075 2189 3145 nala.

175 3161 241 3236 Qui
273 3176 328 3227 est
360 3173 544 3248 tyrannus,
578 3172 611 3226 et
645 3160 792 3229 crudelis
813 3164 848 3228 in
869 3161 974 3244 ahos,
1008 3167 1038 3231 is
1060 3168 1158 3233 etiam
1206 3162 1392 3229 Libidinosi
1415 3172 1652 3240 excaecentur,
1680 3176 1712 3228 et
1745 3164 1778 3229 in
1800 3162 1857 3230 illa
1878 3167 2116 3232 excaecatione
2133 3185 2190 3231 ru·

173 3249 316 3333 patietm
337 3250 429 3315 dura.
1208 3262 1268 3317 unt
1288 3250 1323 3314 in
1345 3245 1523 3314 horribiles
1544 3244 1687 3322 furores,
1699 3260 1733 3314 et
1754 3263 1872 3335 postea
1894 3251 2031 3317 haerent
2053 3253 2087 3317 iu
2107 3269 2190 3336 poe-

658 3390 664 3418 ,
1207 3339 1271 3403 nis.
1315 3335 1455 3414 Videtis,
1477 3355 1576 3420 quam
1605 3332 1698 3402 multi
1720 3334 1862 3404 adulteri
1891 3339 2133 3405 interficiantur
2152 3337 2190 3404 iu

287 3437 290 3444 ’
397 3423 508 3528 Quid
539 3438 601 3510 esi
631 3427 935 3512 misericordia?
1207 3424 1359 3509 ‘ultim
1381 3422 1630 3506 ⁰⁰¹¹S¹0⁸⁸lb¹¹⁸·
1958 3504 1960 3508 ,
2116 3422 2126 3459 ’

1005 3583 1006 3586 ¹
1294 3505 1399 3573 blulta
1454 3528 1568 3574 ossam
1600 3506 1751 3574 exemia
1785 3528 2057 3600 commemorare.
2112 3506 2190 3577 Fuit

261 3591 323 3656 Est
344 3589 462 3658 dolore
485 3590 575 3658 affici
594 3589 736 3660 aliorum
752 3595 884 3661 iniustis
902 3592 1158 3676 calamitatibus,
1207 3592 1396 3680 Episcopus
1429 3529 1570 3673 lrevir,
1603 3531 1755 3661 Marchio
1788 3594 1956 3662 Badensis
1994 3608 2060 3662 tem
2093 3616 2188 3681 prae·

173 3674 231 3746 vel
252 3680 350 3743 etiam
372 3679 525 3765 mitigare
555 3676 600 3743 ali
624 3680 680 3744 uid
704 3680 746 3746 de
773 3701 904 3746 summo
926 3682 998 3748 iure
1020 3693 1158 3769 propter
1207 3682 1308 3746 stanti
1324 3680 1459 3768 ingenio
1471 3725 1482 3758 ,
1517 3693 1555 3748 ut
1586 3681 1620 3745 in
1638 3694 1805 3748 conventu
1827 3680 2020 3749 Coloniensi
2041 3702 2103 3769 pro
2125 3681 2189 3748 lm·

173 3700 1158 3942 titittitbiiti„limitandis&
1179 3774 1184 3884 l
1206 3779 1425 3918 {titini
1438 3764 1940 3938 iiiiit'btitt‘titiil
1963 3768 2188 3922 ”istil

1042 3899 1053 3934 r
1416 3896 1427 3929 r
1744 3899 1755 3934 s
1830 3931 1833 3933 Α
1914 3903 1923 3932 s
2091 3899 2102 3934 r
2174 3890 2188 3904 ·

173 3949 228 4004 ast
248 3939 452 4004 misericors.
1208 3938 1291 4016 lice;
1314 3939 1533 4017 Germanicis,
1556 3938 1763 4007 Germanice
1806 3939 2004 4009 interiectus
2026 3954 2111 4008 esta
2133 3958 2188 4010 su·

1205 4037 1303 4104 tore,
1359 4026 1391 4091 ui
1419 4024 1683 4112 deprehenderet
1703 4046 1779 4092 eum
1801 4048 1877 4096 cum
1898 4049 2013 4095 uxore.
2057 4027 2133 4093 Fuit
2154 4037 2190 4094 et
2266 4031 2269 4038 ’

1205 4110 1293 4179 alius
1353 4113 1449 4197 piaco
1515 4157 1526 4182 ,
1577 4109 1807 4202 Dalburgius,
1849 4117 1978 4181 amicus
2018 4110 2189 4199 Rodolphi

174 4220 310 4325 Quam
348 4222 475 4304 habet
510 4248 694 4303 caussam
736 4221 1015 4333 probabilem?
1057 4251 1155 4306 narn
1207 4195 1397 4304 ligneolae.
1470 4209 1523 4264 ‘⁸‘
1544 4198 1665 4264 ⁶⁰⁰l⁰⁸
1688 4201 1721 4265 ¹¹²
1744 4199 1830 4280 tore,
1851 4202 1886 4266 ¹¹¹
1907 4198 2132 4280 Machaona,
2153 4209 2189 4265 0‘

213 4342 222 4361 .
311 4340 320 4361 .
447 4340 456 4360 .
659 4342 667 4359 .
758 4340 767 4359 .
1205 4283 1253 4350 hu
1300 4284 1460 4365 ahatina,
1481 4295 1515 4349 et
1532 4283 1632 4351 valde
1653 4284 1830 4353 excellenti
1851 4289 1984 4374 iugenio
2005 4288 2187 4376 praeditus.

24 4455 33 4475 .
172 4343 322 4454 ahoqm
353 4353 416 4426 est
445 4341 707 4452 mutugenna,
736 4370 770 4423 n
799 4370 883 4425 non
913 4355 977 4426 est
1006 4343 1155 4456 proba-
1207 4307 1332 4439 nir„
1353 4371 1452 4436 aomo
1474 4372 1661 4438 mennon
1681 4375 1795 4440 inam
1816 4374 1851 4441 n
1873 4372 1995 4440 cenam
2012 4375 2187 4452 ernanum,

528 4460 618 4545 bilis
648 4491 799 4546 caussa,
1206 4455 1366 4525 fortassis
1387 4477 1424 4522 re
1446 4458 1497 4521 sio
1518 4458 1682 4526 instructa
1703 4480 1765 4546 per
1785 4458 1920 4527 uvales.
1964 4459 2015 4526 Ea
2037 4480 2079 4527 eo
2101 4470 2183 4526 casu

484 4573 489 4583 ·
1206 4547 1316 4612 subito
1339 4554 1488 4610 mortuus
1508 4554 1573 4608 est.

259 4627 472 4714 Respondco.
518 4627 613 4694 Deus
635 4639 689 4694 est
709 4629 835 4695 iustus:
857 4648 942 4718 ergo
963 4630 1052 4697 inste
1073 4631 1156 4697 iras-
1292 4626 1384 4696 Talis
1408 4640 1459 4694 est
1481 4631 1590 4696 exitus
1611 4628 1793 4698 libidinum.
1838 4631 1881 4700 lit
1910 4645 2111 4699 mementote
2134 4650 2186 4696 re-

173 4717 260 4784 citur
271 4715 368 4781 Adae
391 4711 528 4780 violanti
550 4715 752 4781 mandatum.
797 4713 865 4781 Sed
887 4728 998 4783 mmen
1021 4728 1077 4782 cst
1097 4719 1156 4783 mi·
1206 4715 1334 4805 gulamr
1363 4715 1505 4781 Peccata
1526 4721 1652 4781 emente
1673 4718 1761 4785 Dcer
1779 4723 1873 4802 partit
1894 4722 1928 4781 r'n
1948 4723 2069 4782 mnino
2114 4715 2186 4784 Da·

173 4803 334 4881 sericors‚
356 4797 503 4867 allicitur
523 4799 643 4867 dolore
674 4805 708 4868 in
742 4798 930 4869 calamitate
961 4800 1073 4880 illius,
1106 4814 1156 4870 at·
1205 4805 1262 4870 vid
1284 4815 1403 4891 peccat
1420 4805 1452 4870 in
1475 4804 1618 4870 seminet
1651 4826 1734 4893 ergo
1763 4819 1903 4891 peccata
1935 4818 1969 4872 et
1990 4825 2119 4895 poenae
2140 4806 2183 4869 si·

172 4901 283 4956 tracta
300 4885 419 4954 fraude
440 4884 592 4960 Diaboli,
620 4898 653 4952 et
681 4889 796 4955 minuit
823 4909 865 4955 ao
882 4890 1010 4977 mitigat
1032 4887 1155 4977 aliquid
1207 4888 1304 4956 miles
1326 4902 1493 4976 vagantur
1513 4910 1574 4974 per
1594 4895 1937 4975 posteritatcm,iuxta
1959 4894 2096 4961 dictum:
2119 4891 2186 4954 Per

94 4998 119 5033 ο
173 4974 219 5042 de
240 4977 355 5061 rigore
376 4975 458 5039 iuris
479 4974 533 5039 sui
554 4984 691 5058 propter
712 4973 802 5040 hauc
824 4994 980 5042 caussam
1002 4977 1156 5059 probabi·
1206 4978 1293 5127 prod
1320 4980 1540 5059 perpeccat,
1561 4977 1726 5059 perillum
1742 4983 1884 5060 pruritur.
1929 4977 1994 5046 Est
2013 4976 2131 5068 regula
2150 4980 2185 5044 in

172 5057 264 5142 lem,
297 5059 427 5126 scilicet
459 5061 537 5146 qnia
570 5059 661 5126 uidet
693 5080 771 5130 esse
795 5063 964 5149 'deceptos
992 5061 1156 5128 homines.
1220 5065 1293 5128 ibro
1315 5063 1513 5148 Sapientiae.
1558 5062 1652 5129 Deus
1684 5062 1890 5132 horribiliter
1921 5068 2077 5133 irascitur
2109 5086 2186 5153 pro·

138 5179 141 5183 ·
172 5144 308 5234 hapsus
332 5140 429 5215 Adae
450 5157 485 5214 et
506 5145 599 5215 Erae
620 5166 689 5214 nou
706 5158 759 5214 est
774 5143 877 5236 ὕβρις’,
903 5168 971 5216 uon
992 5161 1045 5217 est
1066 5147 1156 5217 blas·
1205 5147 1319 5218 bibitis
1338 5146 1553 5231 libidinibus,
1584 5147 1656 5220 vult
1688 5154 1839 5241 conspici
1865 5155 2053 5221 emtimt'eur
2073 5153 2109 5221 lu
2128 5171 2185 5243 gc
