<?xml version="1.0" encoding="UTF-8"?>
<!DOCTYPE html PUBLIC "-//W3C//DTD XHTML 1.0 Transitional//EN"
    "http://www.w3.org/TR/xhtml1/DTD/xhtml1-transitional.dtd">
<html xmlns="http://www.w3.org/1999/xhtml" xml:lang="en" lang="en">
 <head>
  <title>
</title>
<meta http-equiv="Content-Type" content="text/html;charset=utf-8" />
  <meta name='ocr-system' content='tesseract 3.04.00' />
  <meta name='ocr-capabilities' content='ocr_page ocr_carea ocr_par ocr_line ocrx_word'/>
</head>
<body>
  <div class='ocr_page' id='page_1' title='image "./corpusreformato15melagoog/corpusreformato15melagoog_0448.png"; bbox 0 0 4620 5588; ppageno 0'>
   <div class='ocr_carea' id='block_1_1' title="bbox 153 202 2184 307">
    <p class='ocr_par' dir='ltr' id='par_1_1' title="bbox 153 202 2184 307">
     <span class='ocr_line' id='line_1_1' title="bbox 153 202 2184 307; baseline -0.007 0"><span class='ocrx_word' id='word_1_1' title='bbox 153 226 233 307; x_wconf 69' lang='lat' dir='ltr'><strong>set*</strong></span> <span class='ocrx_word' id='word_1_2' title='bbox 558 222 561 227; x_wconf 84' lang='grc'><strong>’</strong></span> <span class='ocrx_word' id='word_1_3' title='bbox 774 202 1518 305; x_wconf 66' lang='grc' dir='ltr'><strong><em>-οοοιιοολιιοοιιιιοοοιλοο,</em></strong></span> <span class='ocrx_word' id='word_1_4' title='bbox 1946 280 1952 293; x_wconf 88' lang='grc'><strong>.</strong></span> <span class='ocrx_word' id='word_1_5' title='bbox 2105 216 2184 293; x_wconf 68' lang='lat' dir='ltr'><strong>stet</strong></span> 
     </span>
    </p>
   </div>
   <div class='ocr_carea' id='block_1_2' title="bbox 154 413 2183 946">
    <p class='ocr_par' dir='ltr' id='par_1_2' title="bbox 154 413 2183 946">
     <span class='ocr_line' id='line_1_2' title="bbox 154 413 2181 510; baseline -0.007 -17"><span class='ocrx_word' id='word_1_6' title='bbox 154 430 187 494; x_wconf 96' lang='lat' dir='ltr'><strong>in</strong></span> <span class='ocrx_word' id='word_1_7' title='bbox 209 427 439 498; x_wconf 84' lang='lat' dir='ltr'><strong>invocatione,</strong></span> <span class='ocrx_word' id='word_1_8' title='bbox 467 424 614 489; x_wconf 83' lang='lat' dir='ltr'><strong>invitetis</strong></span> <span class='ocrx_word' id='word_1_9' title='bbox 648 419 735 488; x_wconf 83' lang='lat' dir='ltr'><strong>alins</strong></span> <span class='ocrx_word' id='word_1_10' title='bbox 761 425 805 489; x_wconf 84' lang='lat' dir='ltr'><strong>ad</strong></span> <span class='ocrx_word' id='word_1_11' title='bbox 836 423 1039 510; x_wconf 76' lang='lat' dir='ltr'><strong>agnitionem</strong></span> <span class='ocrx_word' id='word_1_12' title='bbox 1062 422 1136 488; x_wconf 88' lang='lat' dir='ltr'><strong>Dei.</strong></span> <span class='ocrx_word' id='word_1_13' title='bbox 1161 426 1165 500; x_wconf 73' lang='lat' dir='ltr'><strong>l</strong></span> <span class='ocrx_word' id='word_1_14' title='bbox 1188 430 1243 484; x_wconf 86' lang='lat' dir='ltr'><strong>tur</strong></span> <span class='ocrx_word' id='word_1_15' title='bbox 1265 421 1386 498; x_wconf 83' lang='grc' dir='ltr'><strong><em>σκύλαξ,</em></strong></span> <span class='ocrx_word' id='word_1_16' title='bbox 1421 420 1470 478; x_wconf 80' lang='lat' dir='ltr'><strong>ein</strong></span> <span class='ocrx_word' id='word_1_17' title='bbox 1498 416 1616 478; x_wconf 74' lang='lat' dir='ltr'><strong>dicineo</strong></span> <span class='ocrx_word' id='word_1_18' title='bbox 1647 415 1812 478; x_wconf 77' lang='lat' dir='ltr'><strong>laodicia:</strong></span> <span class='ocrx_word' id='word_1_19' title='bbox 1845 415 1939 480; x_wconf 84' lang='grc' dir='ltr'><strong><em>σκύλα</em></strong></span> <span class='ocrx_word' id='word_1_20' title='bbox 1960 414 2041 479; x_wconf 75' lang='lat' dir='ltr'><strong>laist</strong></span> <span class='ocrx_word' id='word_1_21' title='bbox 2086 413 2181 482; x_wconf 82' lang='lat' dir='ltr'><strong>elles·</strong></span> 
     </span>
     <span class='ocr_line' id='line_1_3' title="bbox 154 500 2181 594; baseline -0.006 -16"><span class='ocrx_word' id='word_1_22' title='bbox 154 514 278 579; x_wconf 87' lang='lat' dir='ltr'><strong>Postea</strong></span> <span class='ocrx_word' id='word_1_23' title='bbox 299 514 399 577; x_wconf 89' lang='lat' dir='ltr'><strong>etiem</strong></span> <span class='ocrx_word' id='word_1_24' title='bbox 418 509 570 594; x_wconf 87' lang='lat' dir='ltr'><strong>exempla</strong></span> <span class='ocrx_word' id='word_1_25' title='bbox 592 510 625 573; x_wconf 89' lang='lat' dir='ltr'><strong>in</strong></span> <span class='ocrx_word' id='word_1_26' title='bbox 648 511 716 574; x_wconf 88' lang='lat' dir='ltr'><strong>vita</strong></span> <span class='ocrx_word' id='word_1_27' title='bbox 739 511 937 588; x_wconf 79' lang='lat' dir='ltr'>ostendant,</span> <span class='ocrx_word' id='word_1_28' title='bbox 969 531 1033 576; x_wconf 88' lang='lat' dir='ltr'><strong>vos</strong></span> <span class='ocrx_word' id='word_1_29' title='bbox 1056 527 1151 575; x_wconf 84' lang='lat' dir='ltr'><strong>vere·</strong></span> <span class='ocrx_word' id='word_1_30' title='bbox 1189 526 1318 572; x_wconf 87' lang='lat' dir='ltr'><strong>cenum.</strong></span> <span class='ocrx_word' id='word_1_31' title='bbox 1352 503 1417 565; x_wconf 86' lang='lat' dir='ltr'><strong>Die</strong></span> <span class='ocrx_word' id='word_1_32' title='bbox 1438 504 1560 570; x_wconf 87' lang='lat' dir='ltr'><strong>Medici</strong></span> <span class='ocrx_word' id='word_1_33' title='bbox 1582 503 1775 585; x_wconf 65' lang='lat' dir='ltr'><strong>petronium</strong></span> <span class='ocrx_word' id='word_1_34' title='bbox 1797 502 1859 563; x_wconf 82' lang='lat' dir='ltr'><strong>dns</strong></span> <span class='ocrx_word' id='word_1_35' title='bbox 1882 500 1973 564; x_wconf 83' lang='lat' dir='ltr'><strong>Wort</strong></span> <span class='ocrx_word' id='word_1_36' title='bbox 1995 523 2054 563; x_wconf 84' lang='lat' dir='ltr'><strong>unc</strong></span> <span class='ocrx_word' id='word_1_37' title='bbox 2081 501 2181 569; x_wconf 66' lang='lat' dir='ltr'><strong>:nlla-</strong></span> 
     </span>
     <span class='ocr_line' id='line_1_4' title="bbox 154 587 2181 679; baseline -0.006 -12"><span class='ocrx_word' id='word_1_38' title='bbox 154 600 271 668; x_wconf 88' lang='lat' dir='ltr'><strong>timere</strong></span> <span class='ocrx_word' id='word_1_39' title='bbox 291 596 417 665; x_wconf 83' lang='lat' dir='ltr'><strong>Deum:</strong></span> <span class='ocrx_word' id='word_1_40' title='bbox 438 601 517 663; x_wconf 78' lang='lat' dir='ltr'><strong>duee</strong></span> <span class='ocrx_word' id='word_1_41' title='bbox 538 617 576 663; x_wconf 77' lang='lat' dir='ltr'><strong>es</strong></span> <span class='ocrx_word' id='word_1_42' title='bbox 592 603 645 662; x_wconf 79' lang='lat' dir='ltr'><strong>ein</strong></span> <span class='ocrx_word' id='word_1_43' title='bbox 667 599 797 662; x_wconf 72' lang='lat' dir='ltr'><strong>reclaier</strong></span> <span class='ocrx_word' id='word_1_44' title='bbox 818 606 912 663; x_wconf 65' lang='lat' dir='ltr'><strong>erne!</strong></span> <span class='ocrx_word' id='word_1_45' title='bbox 931 615 1000 679; x_wconf 69' lang='lat' dir='ltr'><strong>run.</strong></span> <span class='ocrx_word' id='word_1_46' title='bbox 1190 592 1285 657; x_wconf 88' lang='lat' dir='ltr'><strong>eiecit</strong></span> <span class='ocrx_word' id='word_1_47' title='bbox 1309 591 1452 676; x_wconf 76' lang='grc' dir='ltr'><strong><em>σκύβαλα,</em></strong></span> <span class='ocrx_word' id='word_1_48' title='bbox 1479 594 1537 654; x_wconf 86' lang='lat' dir='ltr'><strong>mie</strong></span> <span class='ocrx_word' id='word_1_49' title='bbox 1559 590 1613 651; x_wconf 84' lang='lat' dir='ltr'><strong>die</strong></span> <span class='ocrx_word' id='word_1_50' title='bbox 1633 587 1833 650; x_wconf 76' lang='lat' dir='ltr'><strong>imtdsdreelc</strong></span> <span class='ocrx_word' id='word_1_51' title='bbox 1859 589 1943 655; x_wconf 81' lang='lat' dir='ltr'><strong>sind.</strong></span> <span class='ocrx_word' id='word_1_52' title='bbox 1990 588 2063 652; x_wconf 89' lang='lat' dir='ltr'><strong>Vos</strong></span> <span class='ocrx_word' id='word_1_53' title='bbox 2087 591 2181 655; x_wconf 72' lang='lat' dir='ltr'><strong>estis·</strong></span> 
     </span>
     <span class='ocr_line' id='line_1_5' title="bbox 241 673 2170 769; baseline -0.005 -19.341"><span class='ocrx_word' id='word_1_54' title='bbox 241 685 358 769; x_wconf 83' lang='lat' dir='ltr'>Nuper</span> <span class='ocrx_word' id='word_1_55' title='bbox 379 697 431 749; x_wconf 85' lang='lat' dir='ltr'><strong>est</strong></span> <span class='ocrx_word' id='word_1_56' title='bbox 451 696 602 748; x_wconf 87' lang='lat' dir='ltr'><strong>mortuus</strong></span> <span class='ocrx_word' id='word_1_57' title='bbox 625 683 838 747; x_wconf 84' lang='lat' dir='ltr'><strong>venerandus</strong></span> <span class='ocrx_word' id='word_1_58' title='bbox 861 700 978 759; x_wconf 82' lang='lat' dir='ltr'><strong>senex,</strong></span> <span class='ocrx_word' id='word_1_59' title='bbox 1005 694 1039 746; x_wconf 94' lang='lat' dir='ltr'><strong>et</strong></span> <span class='ocrx_word' id='word_1_60' title='bbox 1060 702 1137 746; x_wconf 88' lang='lat' dir='ltr'><strong>san·</strong></span> <span class='ocrx_word' id='word_1_61' title='bbox 1189 676 1333 756; x_wconf 89' lang='lat' dir='ltr'><strong>nobiles,</strong></span> <span class='ocrx_word' id='word_1_62' title='bbox 1356 679 1486 743; x_wconf 84' lang='lat' dir='ltr'><strong>debetis</strong></span> <span class='ocrx_word' id='word_1_63' title='bbox 1508 675 1695 762; x_wconf 84' lang='lat' dir='ltr'><strong>intelligere</strong></span> <span class='ocrx_word' id='word_1_64' title='bbox 1723 673 1780 741; x_wconf 83' lang='lat' dir='ltr'><strong>illa</strong></span> <span class='ocrx_word' id='word_1_65' title='bbox 1804 675 1984 741; x_wconf 86' lang='lat' dir='ltr'><strong>venatoria.</strong></span> <span class='ocrx_word' id='word_1_66' title='bbox 2027 675 2072 736; x_wconf 88' lang='lat' dir='ltr'><strong>So</strong></span> <span class='ocrx_word' id='word_1_67' title='bbox 2095 682 2170 758; x_wconf 78' lang='lat' dir='ltr'><strong>sapt</strong></span> 
     </span>
     <span class='ocr_line' id='line_1_6' title="bbox 156 761 2183 854; baseline -0.008 -14"><span class='ocrx_word' id='word_1_68' title='bbox 156 784 232 840; x_wconf 85' lang='lat' dir='ltr'><strong>otus</strong></span> <span class='ocrx_word' id='word_1_69' title='bbox 250 770 371 836; x_wconf 81' lang='lat' dir='ltr'><strong>Comes</strong></span> <span class='ocrx_word' id='word_1_70' title='bbox 383 773 426 835; x_wconf 89' lang='lat' dir='ltr'><strong>de</strong></span> <span class='ocrx_word' id='word_1_71' title='bbox 435 769 593 847; x_wconf 72' lang='lat' dir='ltr'><strong>Nassete,</strong></span> <span class='ocrx_word' id='word_1_72' title='bbox 616 781 711 852; x_wconf 58' lang='lat' dir='ltr'><strong>{nater</strong></span> <span class='ocrx_word' id='word_1_73' title='bbox 723 764 810 833; x_wconf 80' lang='lat' dir='ltr'><strong>illius</strong></span> <span class='ocrx_word' id='word_1_74' title='bbox 828 766 966 833; x_wconf 86' lang='lat' dir='ltr'><strong>Comitis</strong></span> <span class='ocrx_word' id='word_1_75' title='bbox 977 765 1136 854; x_wconf 84' lang='lat' dir='ltr'><strong>Adolphi,</strong></span> <span class='ocrx_word' id='word_1_76' title='bbox 1190 762 1331 830; x_wconf 88' lang='lat' dir='ltr'><strong>Paulus:</strong></span> <span class='ocrx_word' id='word_1_77' title='bbox 1352 764 1446 825; x_wconf 81' lang='lat' dir='ltr'><strong>Duco</strong></span> <span class='ocrx_word' id='word_1_78' title='bbox 1468 784 1563 824; x_wconf 84' lang='lat' dir='ltr'><strong>meum</strong></span> <span class='ocrx_word' id='word_1_79' title='bbox 1584 765 1737 824; x_wconf 77' lang='lat' dir='ltr'><strong>iustitium</strong></span> <span class='ocrx_word' id='word_1_80' title='bbox 1762 782 1828 826; x_wconf 79' lang='lat' dir='ltr'><strong>esse</strong></span> <span class='ocrx_word' id='word_1_81' title='bbox 1849 762 1995 845; x_wconf 76' lang='grc' dir='ltr'><strong><em>σκύβαλα.</em></strong></span> <span class='ocrx_word' id='word_1_82' title='bbox 2039 761 2088 824; x_wconf 79' lang='lat' dir='ltr'><strong>ist</strong></span> <span class='ocrx_word' id='word_1_83' title='bbox 2108 783 2183 844; x_wconf 78' lang='lat' dir='ltr'><strong>pur·</strong></span> 
     </span>
     <span class='ocr_line' id='line_1_7' title="bbox 157 848 2183 946; baseline -0.005 -22"><span class='ocrx_word' id='word_1_84' title='bbox 157 862 211 946; x_wconf 80' lang='lat' dir='ltr'><strong>qui</strong></span> <span class='ocrx_word' id='word_1_85' title='bbox 234 859 322 940; x_wconf 75' lang='lat' dir='ltr'><strong>apud</strong></span> <span class='ocrx_word' id='word_1_86' title='bbox 357 876 419 921; x_wconf 84' lang='lat' dir='ltr'><strong>nos</strong></span> <span class='ocrx_word' id='word_1_87' title='bbox 452 874 572 920; x_wconf 84' lang='lat' dir='ltr'><strong>recens</strong></span> <span class='ocrx_word' id='word_1_88' title='bbox 600 852 678 932; x_wconf 84' lang='lat' dir='ltr'><strong>fott,</strong></span> <span class='ocrx_word' id='word_1_89' title='bbox 709 857 858 939; x_wconf 73' lang='lat' dir='ltr'><strong>pervenit</strong></span> <span class='ocrx_word' id='word_1_90' title='bbox 886 858 928 920; x_wconf 81' lang='lat' dir='ltr'><strong>ad</strong></span> <span class='ocrx_word' id='word_1_91' title='bbox 950 854 994 919; x_wconf 77' lang='grc'><strong>80</strong></span> <span class='ocrx_word' id='word_1_92' title='bbox 1015 872 1150 919; x_wconf 78' lang='lat' dir='ltr'><strong>annum·</strong></span> <span class='ocrx_word' id='word_1_93' title='bbox 1189 855 1239 912; x_wconf 80' lang='lat' dir='ltr'><strong>ein</strong></span> <span class='ocrx_word' id='word_1_94' title='bbox 1260 869 1369 932; x_wconf 76' lang='lat' dir='ltr'><strong>prosse</strong></span> <span class='ocrx_word' id='word_1_95' title='bbox 1391 849 1541 933; x_wconf 77' lang='lat' dir='ltr'><strong>trefflioltc</strong></span> <span class='ocrx_word' id='word_1_96' title='bbox 1562 850 1646 921; x_wconf 69' lang='lat' dir='ltr'><strong>rede,</strong></span> <span class='ocrx_word' id='word_1_97' title='bbox 1677 850 1802 910; x_wconf 73' lang='lat' dir='ltr'><strong>essina</strong></span> <span class='ocrx_word' id='word_1_98' title='bbox 1820 849 1927 910; x_wconf 74' lang='lat' dir='ltr'><strong>alendo</strong></span> <span class='ocrx_word' id='word_1_99' title='bbox 1950 848 2106 925; x_wconf 77' lang='grc' dir='ltr'><strong><em>σκύβαλα,</em></strong></span> <span class='ocrx_word' id='word_1_100' title='bbox 2136 861 2183 914; x_wconf 82' lang='lat' dir='ltr'><strong>et&#39;</strong></span> 
     </span>
    </p>
   </div>
   <div class='ocr_carea' id='block_1_3' title="bbox 50 932 2183 1018">
    <p class='ocr_par' dir='ltr' id='par_1_3' title="bbox 50 932 2183 1018">
     <span class='ocr_line' id='line_1_8' title="bbox 50 932 2183 1018; baseline -0.005 -6"><span class='ocrx_word' id='word_1_101' title='bbox 50 971 66 998; x_wconf 60' lang='grc' dir='ltr'><strong>ν</strong></span> <span class='ocrx_word' id='word_1_102' title='bbox 156 940 386 1011; x_wconf 74' lang='lat' dir='ltr'><strong>aetatisellle</strong></span> <span class='ocrx_word' id='word_1_103' title='bbox 404 942 490 1006; x_wconf 77' lang='lat' dir='ltr'><strong>rexit</strong></span> <span class='ocrx_word' id='word_1_104' title='bbox 512 961 596 1007; x_wconf 88' lang='lat' dir='ltr'><strong>suos</strong></span> <span class='ocrx_word' id='word_1_105' title='bbox 617 941 900 1012; x_wconf 72' lang='lat' dir='ltr'><strong>invocatione-at</strong></span> <span class='ocrx_word' id='word_1_106' title='bbox 922 937 1138 1006; x_wconf 79' lang='lat' dir='ltr'><strong>consessione</strong></span> <span class='ocrx_word' id='word_1_107' title='bbox 1189 949 1298 1002; x_wconf 87' lang='lat' dir='ltr'><strong>tamen</strong></span> <span class='ocrx_word' id='word_1_108' title='bbox 1322 938 1510 1002; x_wconf 87' lang='lat' dir='ltr'><strong>obedientia</strong></span> <span class='ocrx_word' id='word_1_109' title='bbox 1532 947 1583 1018; x_wconf 81' lang='lat' dir='ltr'><strong>ost</strong></span> <span class='ocrx_word' id='word_1_110' title='bbox 1601 938 1805 1015; x_wconf 85' lang='lat' dir='ltr'><strong>necessaria,</strong></span> <span class='ocrx_word' id='word_1_111' title='bbox 1829 950 1861 1000; x_wconf 89' lang='lat' dir='ltr'><strong>et</strong></span> <span class='ocrx_word' id='word_1_112' title='bbox 1900 932 2086 1000; x_wconf 83' lang='lat' dir='ltr'><strong>leoetDeo.</strong></span> <span class='ocrx_word' id='word_1_113' title='bbox 2109 934 2183 1003; x_wconf 57' lang='grc' dir='ltr'><strong>Ιολ)τ</strong></span> 
     </span>
    </p>
   </div>
   <div class='ocr_carea' id='block_1_4' title="bbox 78 1020 2239 4736">
    <p class='ocr_par' dir='ltr' id='par_1_4' title="bbox 78 1020 2239 4736">
     <span class='ocr_line' id='line_1_9' title="bbox 159 1020 2169 1123; baseline -0.004 -27"><span class='ocrx_word' id='word_1_114' title='bbox 159 1052 234 1110; x_wconf 85' lang='lat' dir='ltr'><strong>sua,</strong></span> <span class='ocrx_word' id='word_1_115' title='bbox 263 1044 296 1094; x_wconf 89' lang='lat' dir='ltr'><strong>et</strong></span> <span class='ocrx_word' id='word_1_116' title='bbox 328 1028 402 1093; x_wconf 86' lang='lat' dir='ltr'><strong>aliis</strong></span> <span class='ocrx_word' id='word_1_117' title='bbox 430 1026 679 1092; x_wconf 76' lang='lat' dir='ltr'><strong>honestissimis</strong></span> <span class='ocrx_word' id='word_1_118' title='bbox 709 1025 888 1112; x_wconf 82' lang='lat' dir='ltr'><strong>exemplis:</strong></span> <span class='ocrx_word' id='word_1_119' title='bbox 914 1025 1030 1092; x_wconf 78' lang='lat' dir='ltr'><strong>habuit</strong></span> <span class='ocrx_word' id='word_1_120' title='bbox 1059 1029 1138 1092; x_wconf 88' lang='lat' dir='ltr'><strong>obe-</strong></span> <span class='ocrx_word' id='word_1_121' title='bbox 1189 1032 1279 1105; x_wconf 82' lang='lat' dir='ltr'><strong>sept.-</strong></span> <span class='ocrx_word' id='word_1_122' title='bbox 1302 1024 1382 1102; x_wconf 82' lang='lat' dir='ltr'><strong>Quis</strong></span> <span class='ocrx_word' id='word_1_123' title='bbox 1400 1025 1501 1102; x_wconf 77' lang='lat' dir='ltr'><strong>furiet</strong></span> <span class='ocrx_word' id='word_1_124' title='bbox 1524 1023 1668 1086; x_wconf 82' lang='grc' dir='ltr'><strong><em>ιιιιιιιιλααι</em></strong></span> <span class='ocrx_word' id='word_1_125' title='bbox 1690 1043 1731 1083; x_wconf 81' lang='grc' dir='ltr'><strong>αα</strong></span> <span class='ocrx_word' id='word_1_126' title='bbox 1751 1026 1862 1084; x_wconf 83' lang='lat' dir='ltr'><strong>immun</strong></span> <span class='ocrx_word' id='word_1_127' title='bbox 1888 1044 1906 1082; x_wconf 92' lang='grc' dir='ltr'><strong><em>ο</em></strong></span> <span class='ocrx_word' id='word_1_128' title='bbox 1929 1024 2064 1123; x_wconf 38' lang='lat' dir='ltr'><strong>temnet,</strong></span> <span class='ocrx_word' id='word_1_129' title='bbox 2105 1020 2169 1087; x_wconf 79' lang='lat' dir='ltr'><strong>Ta·</strong></span> 
     </span>
     <span class='ocr_line' id='line_1_10' title="bbox 78 1108 2170 1196; baseline -0.005 -14"><span class='ocrx_word' id='word_1_130' title='bbox 78 1116 84 1124; x_wconf 83' lang='grc'><strong><em>’</em></strong></span> <span class='ocrx_word' id='word_1_131' title='bbox 160 1118 386 1182; x_wconf 79' lang='lat' dir='ltr'><strong>dicatissimus</strong></span> <span class='ocrx_word' id='word_1_132' title='bbox 415 1126 448 1178; x_wconf 88' lang='lat' dir='ltr'><strong>et</strong></span> <span class='ocrx_word' id='word_1_133' title='bbox 475 1114 721 1177; x_wconf 70' lang='lat' dir='ltr'><strong>nocentissimos</strong></span> <span class='ocrx_word' id='word_1_134' title='bbox 751 1116 813 1178; x_wconf 89' lang='lat' dir='ltr'><strong>sui.</strong></span> <span class='ocrx_word' id='word_1_135' title='bbox 862 1112 938 1196; x_wconf 92' lang='lat' dir='ltr'><strong>lpse</strong></span> <span class='ocrx_word' id='word_1_136' title='bbox 961 1114 1059 1178; x_wconf 87' lang='lat' dir='ltr'><strong>etiam</strong></span> <span class='ocrx_word' id='word_1_137' title='bbox 1081 1131 1139 1196; x_wconf 82' lang='lat' dir='ltr'><strong>pe·</strong></span> <span class='ocrx_word' id='word_1_138' title='bbox 1189 1130 1265 1175; x_wconf 89' lang='lat' dir='ltr'><strong>meu</strong></span> <span class='ocrx_word' id='word_1_139' title='bbox 1288 1111 1476 1174; x_wconf 88' lang='lat' dir='ltr'><strong>obedientia</strong></span> <span class='ocrx_word' id='word_1_140' title='bbox 1498 1122 1549 1173; x_wconf 84' lang='lat' dir='ltr'><strong>est</strong></span> <span class='ocrx_word' id='word_1_141' title='bbox 1567 1110 1773 1194; x_wconf 78' lang='lat' dir='ltr'><strong>necessaria,</strong></span> <span class='ocrx_word' id='word_1_142' title='bbox 1798 1108 1926 1173; x_wconf 89' lang='lat' dir='ltr'><strong>etiamsi</strong></span> <span class='ocrx_word' id='word_1_143' title='bbox 1944 1112 2170 1192; x_wconf 73' lang='grc' dir='ltr'><strong><em>αιλσκοβαλον,</em></strong></span> 
     </span>
     <span class='ocr_line' id='line_1_11' title="bbox 158 1192 2182 1290; baseline -0.003 -23"><span class='ocrx_word' id='word_1_144' title='bbox 158 1204 262 1290; x_wconf 85' lang='lat' dir='ltr'><strong>percit</strong></span> <span class='ocrx_word' id='word_1_145' title='bbox 284 1203 364 1282; x_wconf 85' lang='lat' dir='ltr'><strong>suis,</strong></span> <span class='ocrx_word' id='word_1_146' title='bbox 387 1202 476 1286; x_wconf 90' lang='lat' dir='ltr'><strong>quod</strong></span> <span class='ocrx_word' id='word_1_147' title='bbox 494 1200 537 1264; x_wconf 92' lang='lat' dir='ltr'><strong>ad</strong></span> <span class='ocrx_word' id='word_1_148' title='bbox 559 1201 693 1275; x_wconf 87' lang='lat' dir='ltr'><strong>tributa,</strong></span> <span class='ocrx_word' id='word_1_149' title='bbox 718 1202 751 1262; x_wconf 86' lang='lat' dir='ltr'><strong>e&#39;t</strong></span> <span class='ocrx_word' id='word_1_150' title='bbox 772 1195 837 1263; x_wconf 87' lang='lat' dir='ltr'><strong>alia</strong></span> <span class='ocrx_word' id='word_1_151' title='bbox 860 1201 985 1281; x_wconf 90' lang='lat' dir='ltr'><strong>attinet,</strong></span> <span class='ocrx_word' id='word_1_152' title='bbox 1008 1201 1139 1284; x_wconf 89' lang='lat' dir='ltr'><strong>aceepit</strong></span> <span class='ocrx_word' id='word_1_153' title='bbox 1190 1197 1318 1261; x_wconf 84' lang='lat' dir='ltr'><strong>etiamsi</strong></span> <span class='ocrx_word' id='word_1_154' title='bbox 1341 1209 1393 1260; x_wconf 80' lang='lat' dir='ltr'><strong>cst</strong></span> <span class='ocrx_word' id='word_1_155' title='bbox 1414 1197 1625 1261; x_wconf 88' lang='lat' dir='ltr'><strong>immundum.</strong></span> <span class='ocrx_word' id='word_1_156' title='bbox 1671 1192 1728 1259; x_wconf 87' lang='lat' dir='ltr'><strong>lllu</strong></span> <span class='ocrx_word' id='word_1_157' title='bbox 1748 1196 1891 1281; x_wconf 77' lang='lat' dir='ltr'><strong>insignia</strong></span> <span class='ocrx_word' id='word_1_158' title='bbox 1907 1192 2073 1260; x_wconf 87' lang='lat' dir='ltr'><strong>vocabula</strong></span> <span class='ocrx_word' id='word_1_159' title='bbox 2092 1206 2182 1260; x_wconf 86' lang='lat' dir='ltr'><strong>sunt·</strong></span> 
     </span>
     <span class='ocr_line' id='line_1_12' title="bbox 160 1281 2169 1369; baseline -0.004 -15"><span class='ocrx_word' id='word_1_160' title='bbox 160 1288 346 1365; x_wconf 71' lang='lat' dir='ltr'><strong>mulnario,</strong></span> <span class='ocrx_word' id='word_1_161' title='bbox 380 1289 467 1351; x_wconf 85' lang='lat' dir='ltr'><strong>sicut</strong></span> <span class='ocrx_word' id='word_1_162' title='bbox 500 1290 622 1351; x_wconf 79' lang='lat' dir='ltr'><strong>iustum</strong></span> <span class='ocrx_word' id='word_1_163' title='bbox 651 1296 721 1362; x_wconf 86' lang='lat' dir='ltr'><strong>est,</strong></span> <span class='ocrx_word' id='word_1_164' title='bbox 749 1306 816 1350; x_wconf 90' lang='lat' dir='ltr'><strong>non</strong></span> <span class='ocrx_word' id='word_1_165' title='bbox 845 1286 1001 1369; x_wconf 86' lang='lat' dir='ltr'><strong>imposuit</strong></span> <span class='ocrx_word' id='word_1_166' title='bbox 1035 1304 1139 1351; x_wconf 85' lang='lat' dir='ltr'><strong>onera</strong></span> <span class='ocrx_word' id='word_1_167' title='bbox 1161 1285 1166 1357; x_wconf 85' lang='lat' dir='ltr'><strong>l</strong></span> <span class='ocrx_word' id='word_1_168' title='bbox 1191 1281 1534 1366; x_wconf 79' lang='lat' dir='ltr'><strong>commonefactiones</strong></span> <span class='ocrx_word' id='word_1_169' title='bbox 1560 1282 1781 1367; x_wconf 80' lang='lat' dir='ltr'><strong>gravissimae</strong></span> <span class='ocrx_word' id='word_1_170' title='bbox 1811 1284 1853 1346; x_wconf 90' lang='lat' dir='ltr'><strong>de</strong></span> <span class='ocrx_word' id='word_1_171' title='bbox 1882 1301 2025 1366; x_wconf 88' lang='lat' dir='ltr'><strong>corpore</strong></span> <span class='ocrx_word' id='word_1_172' title='bbox 2048 1281 2169 1346; x_wconf 86' lang='lat' dir='ltr'><strong>doctri·</strong></span> 
     </span>
     <span class='ocr_line' id='line_1_13' title="bbox 158 1360 2171 1517; baseline -0.004 -77"><span class='ocrx_word' id='word_1_173' title='bbox 158 1371 391 1459; x_wconf 84' lang='lat' dir='ltr'><strong>impcrtabilia,</strong></span> <span class='ocrx_word' id='word_1_174' title='bbox 422 1372 534 1437; x_wconf 78' lang='lat' dir='ltr'><strong>luitin</strong></span> <span class='ocrx_word' id='word_1_175' title='bbox 558 1392 599 1436; x_wconf 92' lang='lat' dir='ltr'><strong>co</strong></span> <span class='ocrx_word' id='word_1_176' title='bbox 621 1371 801 1448; x_wconf 84' lang='lat' dir='ltr'><strong>severitas,</strong></span> <span class='ocrx_word' id='word_1_177' title='bbox 824 1372 913 1436; x_wconf 87' lang='lat' dir='ltr'><strong>dedit</strong></span> <span class='ocrx_word' id='word_1_178' title='bbox 936 1392 1080 1456; x_wconf 82' lang='lat' dir='ltr'><strong>operatu,</strong></span> <span class='ocrx_word' id='word_1_179' title='bbox 1102 1384 1139 1436; x_wconf 87' lang='lat' dir='ltr'><strong>ut</strong></span> <span class='ocrx_word' id='word_1_180' title='bbox 1162 1360 1166 1419; x_wconf 78' lang='grc' dir='ltr'>Ι</span> <span class='ocrx_word' id='word_1_181' title='bbox 1190 1389 1263 1433; x_wconf 91' lang='lat' dir='ltr'><strong>nae.</strong></span> <span class='ocrx_word' id='word_1_182' title='bbox 1309 1365 1392 1433; x_wconf 81' lang='lat' dir='ltr'><strong>Sole</strong></span> <span class='ocrx_word' id='word_1_183' title='bbox 1415 1368 1480 1432; x_wconf 88' lang='lat' dir='ltr'><strong>lide</strong></span> <span class='ocrx_word' id='word_1_184' title='bbox 1503 1389 1618 1434; x_wconf 82' lang='lat' dir='ltr'><strong>sumus</strong></span> <span class='ocrx_word' id='word_1_185' title='bbox 1642 1369 1735 1432; x_wconf 86' lang='lat' dir='ltr'><strong>iusti:</strong></span> <span class='ocrx_word' id='word_1_186' title='bbox 1766 1378 1799 1433; x_wconf 88' lang='lat' dir='ltr'><strong>et</strong></span> <span class='ocrx_word' id='word_1_187' title='bbox 1826 1379 1936 1432; x_wconf 75' lang='lat' dir='ltr'><strong>tanuen</strong></span> <span class='ocrx_word' id='word_1_188' title='bbox 1959 1379 2090 1517; x_wconf 77' lang='lat' dir='ltr'><strong>oportet</strong></span> <span class='ocrx_word' id='word_1_189' title='bbox 2118 1387 2171 1434; x_wconf 87' lang='lat' dir='ltr'><strong>se·</strong></span> 
     </span>
     <span class='ocr_line' id='line_1_14' title="bbox 158 1422 2169 1540; baseline -0.002 -15"><span class='ocrx_word' id='word_1_190' title='bbox 158 1458 315 1525; x_wconf 75' lang='lat' dir='ltr'><strong>Ecclesia</strong></span> <span class='ocrx_word' id='word_1_191' title='bbox 337 1471 429 1524; x_wconf 88' lang='lat' dir='ltr'><strong>esset</strong></span> <span class='ocrx_word' id='word_1_192' title='bbox 452 1461 536 1522; x_wconf 86' lang='lat' dir='ltr'><strong>benc</strong></span> <span class='ocrx_word' id='word_1_193' title='bbox 560 1459 751 1534; x_wconf 87' lang='lat' dir='ltr'><strong>constituta,</strong></span> <span class='ocrx_word' id='word_1_194' title='bbox 774 1469 807 1521; x_wconf 87' lang='lat' dir='ltr'><strong>et</strong></span> <span class='ocrx_word' id='word_1_195' title='bbox 825 1453 885 1522; x_wconf 87' lang='lat' dir='ltr'><strong>fuit</strong></span> <span class='ocrx_word' id='word_1_196' title='bbox 903 1460 1139 1523; x_wconf 84' lang='lat' dir='ltr'><strong>costosbouae</strong></span> <span class='ocrx_word' id='word_1_197' title='bbox 1161 1422 1166 1512; x_wconf 85' lang='lat' dir='ltr'><strong>l</strong></span> <span class='ocrx_word' id='word_1_198' title='bbox 1190 1457 1245 1540; x_wconf 86' lang='lat' dir='ltr'><strong>qui</strong></span> <span class='ocrx_word' id='word_1_199' title='bbox 1274 1456 1504 1520; x_wconf 73' lang='lat' dir='ltr'><strong>obedientiam.</strong></span> <span class='ocrx_word' id='word_1_200' title='bbox 1550 1453 1592 1518; x_wconf 88' lang='lat' dir='ltr'><strong>Et</strong></span> <span class='ocrx_word' id='word_1_201' title='bbox 1622 1451 1714 1518; x_wconf 85' lang='lat' dir='ltr'><strong>Deus</strong></span> <span class='ocrx_word' id='word_1_202' title='bbox 1745 1450 1939 1540; x_wconf 81' lang='lat' dir='ltr'><strong>magnifacit</strong></span> <span class='ocrx_word' id='word_1_203' title='bbox 1972 1453 2062 1520; x_wconf 84' lang='lat' dir='ltr'><strong>llam</strong></span> <span class='ocrx_word' id='word_1_204' title='bbox 2093 1457 2169 1520; x_wconf 89' lang='lat' dir='ltr'><strong>obe·</strong></span> 
     </span>
     <span class='ocr_line' id='line_1_15' title="bbox 159 1541 2171 1630; baseline -0.002 -19"><span class='ocrx_word' id='word_1_205' title='bbox 159 1546 365 1629; x_wconf 85' lang='lat' dir='ltr'><strong>disciplinae.</strong></span> <span class='ocrx_word' id='word_1_206' title='bbox 411 1545 553 1609; x_wconf 82' lang='lat' dir='ltr'><strong>Possem</strong></span> <span class='ocrx_word' id='word_1_207' title='bbox 582 1546 624 1609; x_wconf 91' lang='lat' dir='ltr'><strong>de</strong></span> <span class='ocrx_word' id='word_1_208' title='bbox 658 1564 698 1607; x_wconf 93' lang='lat' dir='ltr'><strong>eo</strong></span> <span class='ocrx_word' id='word_1_209' title='bbox 714 1572 716 1576; x_wconf 49' lang='lat'><strong><em>¹</em></strong></span> <span class='ocrx_word' id='word_1_210' title='bbox 731 1542 850 1607; x_wconf 87' lang='lat' dir='ltr'><strong>melius</strong></span> <span class='ocrx_word' id='word_1_211' title='bbox 884 1545 1008 1623; x_wconf 86' lang='lat' dir='ltr'><strong>dicere,</strong></span> <span class='ocrx_word' id='word_1_212' title='bbox 1040 1564 1138 1630; x_wconf 85' lang='lat' dir='ltr'><strong>quem</strong></span> <span class='ocrx_word' id='word_1_213' title='bbox 1191 1543 1359 1621; x_wconf 88' lang='lat' dir='ltr'><strong>dieutiam,</strong></span> <span class='ocrx_word' id='word_1_214' title='bbox 1387 1543 1443 1625; x_wconf 86' lang='lat' dir='ltr'><strong>qui</strong></span> <span class='ocrx_word' id='word_1_215' title='bbox 1464 1541 1654 1605; x_wconf 86' lang='lat' dir='ltr'><strong>nominatur</strong></span> <span class='ocrx_word' id='word_1_216' title='bbox 1675 1541 1888 1619; x_wconf 83' lang='lat' dir='ltr'><strong>sacrificium,</strong></span> <span class='ocrx_word' id='word_1_217' title='bbox 1917 1553 1950 1606; x_wconf 87' lang='lat' dir='ltr'><strong>et</strong></span> <span class='ocrx_word' id='word_1_218' title='bbox 1972 1554 2171 1626; x_wconf 87' lang='lat' dir='ltr'><strong>compensat</strong></span> 
     </span>
     <span class='ocr_line' id='line_1_16' title="bbox 158 1623 2045 1714; baseline -0.004 -17"><span class='ocrx_word' id='word_1_219' title='bbox 158 1632 311 1697; x_wconf 81' lang='lat' dir='ltr'><strong>Velleius</strong></span> <span class='ocrx_word' id='word_1_220' title='bbox 346 1632 387 1695; x_wconf 88' lang='lat' dir='ltr'><strong>de</strong></span> <span class='ocrx_word' id='word_1_221' title='bbox 419 1632 553 1700; x_wconf 77' lang='lat' dir='ltr'><strong>Pisone,</strong></span> <span class='ocrx_word' id='word_1_222' title='bbox 604 1627 753 1693; x_wconf 85' lang='lat' dir='ltr'><strong>Velleius</strong></span> <span class='ocrx_word' id='word_1_223' title='bbox 786 1636 860 1710; x_wconf 79' lang='lat' dir='ltr'><strong>sapt</strong></span> <span class='ocrx_word' id='word_1_224' title='bbox 886 1629 974 1693; x_wconf 63' lang='grc' dir='ltr'><strong><em>αλιος</em></strong></span> <span class='ocrx_word' id='word_1_225' title='bbox 1003 1631 1142 1694; x_wconf 80' lang='lat' dir='ltr'><strong>Fuerunt</strong></span> <span class='ocrx_word' id='word_1_226' title='bbox 1190 1630 1319 1714; x_wconf 81' lang='lat' dir='ltr'><strong>utngnis</strong></span> <span class='ocrx_word' id='word_1_227' title='bbox 1367 1628 1496 1691; x_wconf 88' lang='lat' dir='ltr'><strong>ruemiis</strong></span> <span class='ocrx_word' id='word_1_228' title='bbox 1519 1627 1551 1690; x_wconf 91' lang='lat' dir='ltr'><strong>in</strong></span> <span class='ocrx_word' id='word_1_229' title='bbox 1574 1626 1639 1692; x_wconf 86' lang='lat' dir='ltr'><strong>hae</strong></span> <span class='ocrx_word' id='word_1_230' title='bbox 1661 1640 1694 1691; x_wconf 87' lang='lat' dir='ltr'><strong>et</strong></span> <span class='ocrx_word' id='word_1_231' title='bbox 1715 1623 1826 1692; x_wconf 83' lang='lat' dir='ltr'><strong>sutura</strong></span> <span class='ocrx_word' id='word_1_232' title='bbox 1849 1628 1928 1691; x_wconf 90' lang='lat' dir='ltr'><strong>vita.</strong></span> <span class='ocrx_word' id='word_1_233' title='bbox 2042 1703 2045 1709; x_wconf 64' lang='lat'><strong>,</strong></span> 
     </span>
     <span class='ocr_line' id='line_1_17' title="bbox 158 1650 2181 1801; baseline -0.002 -20"><span class='ocrx_word' id='word_1_234' title='bbox 158 1740 260 1781; x_wconf 80' lang='lat' dir='ltr'><strong>morer</strong></span> <span class='ocrx_word' id='word_1_235' title='bbox 278 1720 345 1778; x_wconf 82' lang='lat' dir='ltr'><strong>eius</strong></span> <span class='ocrx_word' id='word_1_236' title='bbox 362 1717 533 1778; x_wconf 70' lang='lat' dir='ltr'><strong>inritat-eet</strong></span> <span class='ocrx_word' id='word_1_237' title='bbox 547 1718 712 1778; x_wconf 77' lang='lat' dir='ltr'><strong>seruitute</strong></span> <span class='ocrx_word' id='word_1_238' title='bbox 733 1718 922 1781; x_wconf 77' lang='lat' dir='ltr'><strong>miatisrimi.</strong></span> <span class='ocrx_word' id='word_1_239' title='bbox 954 1713 1150 1781; x_wconf 73' lang='lat' dir='ltr'><strong>Utinam.</strong></span> <span class='ocrx_word' id='word_1_240' title='bbox 1207 1750 1212 1761; x_wconf 93' lang='lat'><em>·</em></span> <span class='ocrx_word' id='word_1_241' title='bbox 1276 1650 1400 1778; x_wconf 85' lang='lat' dir='ltr'><strong>Paulus</strong></span> <span class='ocrx_word' id='word_1_242' title='bbox 1419 1715 1565 1777; x_wconf 71' lang='lat' dir='ltr'><strong>notitioni</strong></span> <span class='ocrx_word' id='word_1_243' title='bbox 1587 1735 1625 1778; x_wconf 91' lang='lat' dir='ltr'><strong>se</strong></span> <span class='ocrx_word' id='word_1_244' title='bbox 1648 1713 1830 1799; x_wconf 72' lang='lat' dir='ltr'><strong>adornatam.</strong></span> <span class='ocrx_word' id='word_1_245' title='bbox 1876 1713 1962 1787; x_wconf 88' lang='lat' dir='ltr'><strong>Quid</strong></span> <span class='ocrx_word' id='word_1_246' title='bbox 1986 1724 2038 1778; x_wconf 89' lang='lat' dir='ltr'><strong>est</strong></span> <span class='ocrx_word' id='word_1_247' title='bbox 2061 1711 2181 1801; x_wconf 16' lang='lat' dir='ltr'><strong>defer-t</strong></span> 
     </span>
     <span class='ocr_line' id='line_1_18' title="bbox 158 1799 2171 1890; baseline -0.004 -21"><span class='ocrx_word' id='word_1_248' title='bbox 158 1803 339 1890; x_wconf 81' lang='lat' dir='ltr'><strong>perlativ03</strong></span> <span class='ocrx_word' id='word_1_249' title='bbox 372 1824 513 1886; x_wconf 82' lang='lat' dir='ltr'><strong>possum-</strong></span> <span class='ocrx_word' id='word_1_250' title='bbox 543 1800 609 1867; x_wconf 89' lang='lat' dir='ltr'><strong>hoo</strong></span> <span class='ocrx_word' id='word_1_251' title='bbox 632 1799 748 1867; x_wconf 86' lang='lat' dir='ltr'><strong>melius</strong></span> <span class='ocrx_word' id='word_1_252' title='bbox 771 1803 813 1865; x_wconf 94' lang='lat' dir='ltr'><strong>de</strong></span> <span class='ocrx_word' id='word_1_253' title='bbox 834 1799 891 1867; x_wconf 91' lang='lat' dir='ltr'><strong>illo</strong></span> <span class='ocrx_word' id='word_1_254' title='bbox 915 1803 1041 1867; x_wconf 82' lang='lat' dir='ltr'><strong>dicere:</strong></span> <span class='ocrx_word' id='word_1_255' title='bbox 1065 1803 1141 1863; x_wconf 75' lang='lat' dir='ltr'><strong>rtur</strong></span> <span class='ocrx_word' id='word_1_256' title='bbox 1189 1801 1274 1865; x_wconf 86' lang='lat' dir='ltr'><strong>mins</strong></span> <span class='ocrx_word' id='word_1_257' title='bbox 1297 1799 1442 1864; x_wconf 78' lang='lat' dir='ltr'><strong>abortu?</strong></span> <span class='ocrx_word' id='word_1_258' title='bbox 1489 1799 1635 1866; x_wconf 80' lang='lat' dir='ltr'><strong>Abortus</strong></span> <span class='ocrx_word' id='word_1_259' title='bbox 1664 1802 1713 1859; x_wconf 84' lang='lat' dir='ltr'><strong>ein</strong></span> <span class='ocrx_word' id='word_1_260' title='bbox 1739 1801 1892 1881; x_wconf 82' lang='lat' dir='ltr'><strong>nnzoitipe</strong></span> <span class='ocrx_word' id='word_1_261' title='bbox 1913 1799 2036 1881; x_wconf 77' lang='lat' dir='ltr'><strong>peiuri,</strong></span> <span class='ocrx_word' id='word_1_262' title='bbox 2058 1802 2115 1861; x_wconf 85' lang='lat' dir='ltr'><strong>wie</strong></span> <span class='ocrx_word' id='word_1_263' title='bbox 2138 1819 2171 1862; x_wconf 83' lang='grc' dir='ltr'><strong><em>αι</em></strong></span> 
     </span>
     <span class='ocr_line' id='line_1_19' title="bbox 159 1885 2170 1971; baseline -0.002 -18"><span class='ocrx_word' id='word_1_264' title='bbox 159 1896 193 1953; x_wconf 90' lang='lat' dir='ltr'><strong>in</strong></span> <span class='ocrx_word' id='word_1_265' title='bbox 215 1913 251 1954; x_wconf 86' lang='lat' dir='ltr'><strong>eo</strong></span> <span class='ocrx_word' id='word_1_266' title='bbox 274 1891 481 1969; x_wconf 78' lang='lat' dir='ltr'><strong>beneficentio,</strong></span> <span class='ocrx_word' id='word_1_267' title='bbox 505 1890 605 1970; x_wconf 81' lang='lat' dir='ltr'><strong>dipnu</strong></span> <span class='ocrx_word' id='word_1_268' title='bbox 624 1890 873 1971; x_wconf 62' lang='lat' dir='ltr'><strong>principando,</strong></span> <span class='ocrx_word' id='word_1_269' title='bbox 895 1896 924 1952; x_wconf 83' lang='lat' dir='ltr'><strong>et</strong></span> <span class='ocrx_word' id='word_1_270' title='bbox 942 1890 1008 1969; x_wconf 77' lang='lat' dir='ltr'><strong>ficii</strong></span> <span class='ocrx_word' id='word_1_271' title='bbox 1029 1891 1139 1949; x_wconf 80' lang='lat' dir='ltr'><strong>reseri-</strong></span> <span class='ocrx_word' id='word_1_272' title='bbox 1190 1887 1245 1966; x_wconf 76' lang='lat' dir='ltr'><strong>affl</strong></span> <span class='ocrx_word' id='word_1_273' title='bbox 1265 1885 1436 1967; x_wconf 70' lang='lat' dir='ltr'><strong>preadicit,</strong></span> <span class='ocrx_word' id='word_1_274' title='bbox 1459 1886 1536 1947; x_wconf 76' lang='lat' dir='ltr'><strong>durs</strong></span> <span class='ocrx_word' id='word_1_275' title='bbox 1556 1895 1656 1949; x_wconf 82' lang='lat' dir='ltr'><strong>etwnn</strong></span> <span class='ocrx_word' id='word_1_276' title='bbox 1678 1888 1728 1947; x_wconf 83' lang='lat' dir='ltr'><strong>ein</strong></span> <span class='ocrx_word' id='word_1_277' title='bbox 1742 1889 1846 1964; x_wconf 73' lang='lat' dir='ltr'><strong>trouu</strong></span> <span class='ocrx_word' id='word_1_278' title='bbox 1867 1886 1936 1948; x_wconf 78' lang='lat' dir='ltr'><strong>sicit</strong></span> <span class='ocrx_word' id='word_1_279' title='bbox 1957 1887 2170 1949; x_wconf 76' lang='lat' dir='ltr'><strong>verdetdtmii</strong></span> 
     </span>
     <span class='ocr_line' id='line_1_20' title="bbox 160 1970 2187 2123; baseline -0.001 -83"><span class='ocrx_word' id='word_1_280' title='bbox 160 1985 211 2040; x_wconf 83' lang='lat' dir='ltr'><strong>tus</strong></span> <span class='ocrx_word' id='word_1_281' title='bbox 234 1978 384 2038; x_wconf 78' lang='lat' dir='ltr'><strong>aduersus</strong></span> <span class='ocrx_word' id='word_1_282' title='bbox 405 1975 574 2037; x_wconf 73' lang='lat' dir='ltr'><strong>sceleratos</strong></span> <span class='ocrx_word' id='word_1_283' title='bbox 595 1974 747 2052; x_wconf 75' lang='lat' dir='ltr'><strong>barrinas,</strong></span> <span class='ocrx_word' id='word_1_284' title='bbox 777 1972 928 2053; x_wconf 72' lang='lat' dir='ltr'><strong>latrones,</strong></span> <span class='ocrx_word' id='word_1_285' title='bbox 949 1972 1138 2056; x_wconf 71' lang='lat' dir='ltr'><strong>pnoedones.</strong></span> <span class='ocrx_word' id='word_1_286' title='bbox 1191 1979 1317 2053; x_wconf 77' lang='lat' dir='ltr'><strong>tropen,</strong></span> <span class='ocrx_word' id='word_1_287' title='bbox 1340 1973 1453 2051; x_wconf 72' lang='lat' dir='ltr'><strong>ichen,</strong></span> <span class='ocrx_word' id='word_1_288' title='bbox 1476 1975 1566 2058; x_wconf 87' lang='lat' dir='ltr'><strong>quod</strong></span> <span class='ocrx_word' id='word_1_289' title='bbox 1588 1974 1718 2039; x_wconf 82' lang='lat' dir='ltr'><strong>eiicitor</strong></span> <span class='ocrx_word' id='word_1_290' title='bbox 1740 1970 1872 2051; x_wconf 85' lang='lat' dir='ltr'><strong>foetus,</strong></span> <span class='ocrx_word' id='word_1_291' title='bbox 1905 1986 2081 2123; x_wconf 57' lang='lat' dir='ltr'><strong>anteponam</strong></span> <span class='ocrx_word' id='word_1_292' title='bbox 2105 1989 2187 2039; x_wconf 72' lang='lat' dir='ltr'><strong>mm·</strong></span> 
     </span>
     <span class='ocr_line' id='line_1_21' title="bbox 159 2055 2171 2146; baseline -0.001 -20"><span class='ocrx_word' id='word_1_293' title='bbox 159 2064 195 2127; x_wconf 92' lang='lat' dir='ltr'><strong>ln</strong></span> <span class='ocrx_word' id='word_1_294' title='bbox 218 2082 358 2140; x_wconf 85' lang='lat' dir='ltr'><strong>summa,</strong></span> <span class='ocrx_word' id='word_1_295' title='bbox 380 2062 443 2129; x_wconf 84' lang='lat' dir='ltr'><strong>fuit</strong></span> <span class='ocrx_word' id='word_1_296' title='bbox 464 2063 618 2126; x_wconf 82' lang='lat' dir='ltr'><strong>Nemesis</strong></span> <span class='ocrx_word' id='word_1_297' title='bbox 641 2062 673 2124; x_wconf 91' lang='lat' dir='ltr'><strong>in</strong></span> <span class='ocrx_word' id='word_1_298' title='bbox 697 2080 750 2139; x_wconf 91' lang='lat' dir='ltr'><strong>eo,</strong></span> <span class='ocrx_word' id='word_1_299' title='bbox 774 2071 807 2123; x_wconf 86' lang='lat' dir='ltr'><strong>et</strong></span> <span class='ocrx_word' id='word_1_300' title='bbox 829 2060 928 2125; x_wconf 87' lang='lat' dir='ltr'><strong>simul</strong></span> <span class='ocrx_word' id='word_1_301' title='bbox 953 2063 1082 2126; x_wconf 77' lang='lat' dir='ltr'><strong>bonitas</strong></span> <span class='ocrx_word' id='word_1_302' title='bbox 1105 2073 1139 2126; x_wconf 90' lang='lat' dir='ltr'><strong>et</strong></span> <span class='ocrx_word' id='word_1_303' title='bbox 1190 2060 1301 2125; x_wconf 81' lang='lat' dir='ltr'><strong>turult.</strong></span> <span class='ocrx_word' id='word_1_304' title='bbox 1349 2059 1410 2122; x_wconf 88' lang='lat' dir='ltr'><strong>Est</strong></span> <span class='ocrx_word' id='word_1_305' title='bbox 1431 2061 1527 2123; x_wconf 88' lang='lat' dir='ltr'><strong>triste</strong></span> <span class='ocrx_word' id='word_1_306' title='bbox 1548 2055 1789 2144; x_wconf 74' lang='lat' dir='ltr'><strong>spectaculum.</strong></span> <span class='ocrx_word' id='word_1_307' title='bbox 1818 2057 1943 2125; x_wconf 86' lang='lat' dir='ltr'><strong>Paulas</strong></span> <span class='ocrx_word' id='word_1_308' title='bbox 1964 2059 2023 2124; x_wconf 94' lang='lat' dir='ltr'><strong>ilo</strong></span> <span class='ocrx_word' id='word_1_309' title='bbox 2045 2059 2171 2146; x_wconf 84' lang='lat' dir='ltr'><strong>insigni</strong></span> 
     </span>
     <span class='ocr_line' id='line_1_22' title="bbox 159 2144 2168 2231; baseline -0.001 -16"><span class='ocrx_word' id='word_1_310' title='bbox 159 2149 394 2225; x_wconf 84' lang='lat' dir='ltr'><strong>beneficentia,</strong></span> <span class='ocrx_word' id='word_1_311' title='bbox 427 2150 517 2214; x_wconf 87' lang='lat' dir='ltr'><strong>sicut</strong></span> <span class='ocrx_word' id='word_1_312' title='bbox 541 2150 576 2212; x_wconf 92' lang='lat' dir='ltr'><strong>in</strong></span> <span class='ocrx_word' id='word_1_313' title='bbox 605 2148 735 2231; x_wconf 72' lang='lat' dir='ltr'><strong>ntagms</strong></span> <span class='ocrx_word' id='word_1_314' title='bbox 764 2146 844 2210; x_wconf 83' lang='lat' dir='ltr'><strong>viris</strong></span> <span class='ocrx_word' id='word_1_315' title='bbox 873 2144 930 2212; x_wconf 85' lang='lat' dir='ltr'><strong>illa</strong></span> <span class='ocrx_word' id='word_1_316' title='bbox 958 2158 1037 2213; x_wconf 86' lang='lat' dir='ltr'><strong>sunt</strong></span> <span class='ocrx_word' id='word_1_317' title='bbox 1060 2167 1139 2211; x_wconf 83' lang='lat' dir='ltr'><strong>con·</strong></span> <span class='ocrx_word' id='word_1_318' title='bbox 1190 2147 1294 2210; x_wconf 90' lang='lat' dir='ltr'><strong>verbo</strong></span> <span class='ocrx_word' id='word_1_319' title='bbox 1328 2165 1412 2211; x_wconf 87' lang='lat' dir='ltr'><strong>usus</strong></span> <span class='ocrx_word' id='word_1_320' title='bbox 1435 2160 1500 2223; x_wconf 87' lang='lat' dir='ltr'><strong>est,</strong></span> <span class='ocrx_word' id='word_1_321' title='bbox 1535 2157 1571 2210; x_wconf 89' lang='lat' dir='ltr'><strong>ut</strong></span> <span class='ocrx_word' id='word_1_322' title='bbox 1592 2165 1688 2211; x_wconf 81' lang='lat' dir='ltr'><strong>suam</strong></span> <span class='ocrx_word' id='word_1_323' title='bbox 1709 2145 1931 2211; x_wconf 86' lang='lat' dir='ltr'><strong>infirmitatem</strong></span> <span class='ocrx_word' id='word_1_324' title='bbox 1954 2146 2168 2213; x_wconf 83' lang='lat' dir='ltr'><strong>confiteatur:</strong></span> 
     </span>
     <span class='ocr_line' id='line_1_23' title="bbox 158 2228 2166 2318; baseline -0.003 -18"><span class='ocrx_word' id='word_1_325' title='bbox 158 2236 281 2301; x_wconf 90' lang='lat' dir='ltr'><strong>iuncta.</strong></span> <span class='ocrx_word' id='word_1_326' title='bbox 326 2233 400 2298; x_wconf 83' lang='lat' dir='ltr'><strong>Fuit</strong></span> <span class='ocrx_word' id='word_1_327' title='bbox 422 2231 522 2299; x_wconf 82' lang='lat' dir='ltr'><strong>valde</strong></span> <span class='ocrx_word' id='word_1_328' title='bbox 554 2253 653 2298; x_wconf 89' lang='lat' dir='ltr'><strong>carus</strong></span> <span class='ocrx_word' id='word_1_329' title='bbox 669 2228 902 2297; x_wconf 68' lang='lat' dir='ltr'><strong>maximiliano</strong></span> <span class='ocrx_word' id='word_1_330' title='bbox 929 2234 1045 2318; x_wconf 89' lang='lat' dir='ltr'><strong>primo,</strong></span> <span class='ocrx_word' id='word_1_331' title='bbox 1078 2233 1139 2297; x_wconf 89' lang='lat' dir='ltr'><strong>lm·</strong></span> <span class='ocrx_word' id='word_1_332' title='bbox 1190 2231 1260 2295; x_wconf 84' lang='lat' dir='ltr'><strong>also</strong></span> <span class='ocrx_word' id='word_1_333' title='bbox 1281 2230 1370 2303; x_wconf 82' lang='grc' dir='ltr'><strong><em>αιιολι,</em></strong></span> <span class='ocrx_word' id='word_1_334' title='bbox 1393 2232 1527 2317; x_wconf 86' lang='lat' dir='ltr'><strong>quando</strong></span> <span class='ocrx_word' id='word_1_335' title='bbox 1551 2233 1695 2296; x_wconf 90' lang='lat' dir='ltr'><strong>nominat</strong></span> <span class='ocrx_word' id='word_1_336' title='bbox 1714 2252 1808 2297; x_wconf 84' lang='lat' dir='ltr'><strong>suam</strong></span> <span class='ocrx_word' id='word_1_337' title='bbox 1831 2232 1989 2297; x_wconf 77' lang='lat' dir='ltr'><strong>iustitiam</strong></span> <span class='ocrx_word' id='word_1_338' title='bbox 2006 2233 2166 2315; x_wconf 80' lang='grc' dir='ltr'><strong><em>σκύβαλον.</em></strong></span> 
     </span>
     <span class='ocr_line' id='line_1_24' title="bbox 157 2316 2167 2408; baseline -0.001 -22"><span class='ocrx_word' id='word_1_339' title='bbox 157 2322 314 2408; x_wconf 91' lang='lat' dir='ltr'><strong>peratori‚</strong></span> <span class='ocrx_word' id='word_1_340' title='bbox 336 2335 370 2384; x_wconf 90' lang='lat' dir='ltr'><strong>et</strong></span> <span class='ocrx_word' id='word_1_341' title='bbox 392 2318 536 2397; x_wconf 85' lang='lat' dir='ltr'><strong>Carolo;</strong></span> <span class='ocrx_word' id='word_1_342' title='bbox 557 2332 590 2384; x_wconf 90' lang='lat' dir='ltr'><strong>et</strong></span> <span class='ocrx_word' id='word_1_343' title='bbox 605 2317 727 2383; x_wconf 88' lang='lat' dir='ltr'><strong>Carolo</strong></span> <span class='ocrx_word' id='word_1_344' title='bbox 739 2319 872 2403; x_wconf 89' lang='lat' dir='ltr'><strong>quidem</strong></span> <span class='ocrx_word' id='word_1_345' title='bbox 894 2330 1030 2404; x_wconf 86' lang='lat' dir='ltr'><strong>propter</strong></span> <span class='ocrx_word' id='word_1_346' title='bbox 1052 2331 1139 2385; x_wconf 89' lang='lat' dir='ltr'><strong>aeta·</strong></span> <span class='ocrx_word' id='word_1_347' title='bbox 1276 2317 1347 2378; x_wconf 79' lang='lat' dir='ltr'><strong>Dus</strong></span> <span class='ocrx_word' id='word_1_348' title='bbox 1368 2326 1448 2379; x_wconf 85' lang='lat' dir='ltr'><strong>mort</strong></span> <span class='ocrx_word' id='word_1_349' title='bbox 1480 2319 1614 2383; x_wconf 76' lang='grc' dir='ltr'><strong><em>σκύλλαν</em></strong></span> <span class='ocrx_word' id='word_1_350' title='bbox 1645 2317 1726 2379; x_wconf 84' lang='lat' dir='ltr'><strong>deist</strong></span> <span class='ocrx_word' id='word_1_351' title='bbox 1758 2316 1925 2389; x_wconf 81' lang='lat' dir='ltr'><strong>lacerare,</strong></span> <span class='ocrx_word' id='word_1_352' title='bbox 1954 2321 2041 2386; x_wconf 89' lang='lat' dir='ltr'><strong>sicut</strong></span> <span class='ocrx_word' id='word_1_353' title='bbox 2064 2337 2167 2383; x_wconf 80' lang='lat' dir='ltr'><strong>cauea</strong></span> 
     </span>
     <span class='ocr_line' id='line_1_25' title="bbox 158 2402 2169 2490; baseline -0.003 -20"><span class='ocrx_word' id='word_1_354' title='bbox 158 2419 317 2471; x_wconf 86' lang='lat' dir='ltr'><strong>temerat</strong></span> <span class='ocrx_word' id='word_1_355' title='bbox 340 2408 464 2482; x_wconf 83' lang='lat' dir='ltr'><strong>carior3</strong></span> <span class='ocrx_word' id='word_1_356' title='bbox 492 2407 569 2490; x_wconf 86' lang='lat' dir='ltr'><strong>quia</strong></span> <span class='ocrx_word' id='word_1_357' title='bbox 595 2406 659 2468; x_wconf 88' lang='lat' dir='ltr'><strong>iam</strong></span> <span class='ocrx_word' id='word_1_358' title='bbox 686 2417 757 2469; x_wconf 88' lang='lat' dir='ltr'><strong>erat</strong></span> <span class='ocrx_word' id='word_1_359' title='bbox 780 2422 903 2479; x_wconf 80' lang='lat' dir='ltr'><strong>senex3</strong></span> <span class='ocrx_word' id='word_1_360' title='bbox 925 2402 1069 2470; x_wconf 85' lang='lat' dir='ltr'><strong>Carolus</strong></span> <span class='ocrx_word' id='word_1_361' title='bbox 1093 2406 1138 2471; x_wconf 91' lang='lat' dir='ltr'><strong>di·</strong></span> <span class='ocrx_word' id='word_1_362' title='bbox 1188 2423 1321 2487; x_wconf 88' lang='lat' dir='ltr'><strong>pannos</strong></span> <span class='ocrx_word' id='word_1_363' title='bbox 1344 2402 1511 2469; x_wconf 88' lang='lat' dir='ltr'><strong>lacerant:</strong></span> <span class='ocrx_word' id='word_1_364' title='bbox 1542 2408 1600 2464; x_wconf 85' lang='lat' dir='ltr'><strong>wie</strong></span> <span class='ocrx_word' id='word_1_365' title='bbox 1622 2407 1680 2464; x_wconf 86' lang='lat' dir='ltr'><strong>mir</strong></span> <span class='ocrx_word' id='word_1_366' title='bbox 1700 2405 1841 2468; x_wconf 82' lang='grc' dir='ltr'><strong><em>ιαοαλλαιι</em></strong></span> <span class='ocrx_word' id='word_1_367' title='bbox 1864 2426 1975 2486; x_wconf 78' lang='lat' dir='ltr'><strong>sapen,</strong></span> <span class='ocrx_word' id='word_1_368' title='bbox 2004 2407 2169 2467; x_wconf 74' lang='lat' dir='ltr'><strong>venierenr</strong></span> 
     </span>
     <span class='ocr_line' id='line_1_26' title="bbox 158 2486 2167 2578; baseline -0.001 -21"><span class='ocrx_word' id='word_1_369' title='bbox 158 2490 284 2578; x_wconf 84' lang='lat' dir='ltr'><strong>ligebat</strong></span> <span class='ocrx_word' id='word_1_370' title='bbox 306 2513 381 2556; x_wconf 92' lang='lat' dir='ltr'><strong>eum</strong></span> <span class='ocrx_word' id='word_1_371' title='bbox 402 2504 438 2556; x_wconf 87' lang='lat' dir='ltr'><strong>ut</strong></span> <span class='ocrx_word' id='word_1_372' title='bbox 461 2512 587 2554; x_wconf 87' lang='lat' dir='ltr'><strong>senem.</strong></span> <span class='ocrx_word' id='word_1_373' title='bbox 1188 2489 1251 2550; x_wconf 75' lang='lat' dir='ltr'><strong>inat</strong></span> <span class='ocrx_word' id='word_1_374' title='bbox 1273 2490 1325 2552; x_wconf 86' lang='lat' dir='ltr'><strong>iim</strong></span> <span class='ocrx_word' id='word_1_375' title='bbox 1343 2486 1427 2553; x_wconf 81' lang='grc' dir='ltr'><strong><em>ιλὸολ</em></strong></span> <span class='ocrx_word' id='word_1_376' title='bbox 1448 2493 1643 2572; x_wconf 76' lang='lat' dir='ltr'><strong>nupeoeeirt.</strong></span> <span class='ocrx_word' id='word_1_377' title='bbox 1667 2489 1729 2555; x_wconf 84' lang='lat' dir='ltr'><strong>Est</strong></span> <span class='ocrx_word' id='word_1_378' title='bbox 1749 2493 1794 2557; x_wconf 91' lang='lat' dir='ltr'><strong>ibi</strong></span> <span class='ocrx_word' id='word_1_379' title='bbox 1812 2490 1992 2577; x_wconf 79' lang='lat' dir='ltr'><strong>singularis</strong></span> <span class='ocrx_word' id='word_1_380' title='bbox 2004 2493 2167 2557; x_wconf 87' lang='lat' dir='ltr'><strong>doctrina.</strong></span> 
     </span>
     <span class='ocr_line' id='line_1_27' title="bbox 245 2572 2168 2664; baseline 0.001 -23"><span class='ocrx_word' id='word_1_381' title='bbox 245 2577 342 2643; x_wconf 85' lang='lat' dir='ltr'><strong>Tunc</strong></span> <span class='ocrx_word' id='word_1_382' title='bbox 362 2577 606 2661; x_wconf 85' lang='lat' dir='ltr'><strong>pulcherrimus</strong></span> <span class='ocrx_word' id='word_1_383' title='bbox 619 2588 726 2641; x_wconf 88' lang='lat' dir='ltr'><strong>status</strong></span> <span class='ocrx_word' id='word_1_384' title='bbox 739 2586 802 2653; x_wconf 87' lang='lat' dir='ltr'><strong>est,</strong></span> <span class='ocrx_word' id='word_1_385' title='bbox 825 2577 957 2659; x_wconf 86' lang='lat' dir='ltr'><strong>quando</strong></span> <span class='ocrx_word' id='word_1_386' title='bbox 981 2572 1137 2643; x_wconf 85' lang='lat' dir='ltr'><strong>Christus</strong></span> <span class='ocrx_word' id='word_1_387' title='bbox 1188 2576 1288 2641; x_wconf 85' lang='lat' dir='ltr'><strong>Fides</strong></span> <span class='ocrx_word' id='word_1_388' title='bbox 1310 2575 1399 2642; x_wconf 92' lang='lat' dir='ltr'><strong>illius</strong></span> <span class='ocrx_word' id='word_1_389' title='bbox 1421 2579 1573 2643; x_wconf 86' lang='lat' dir='ltr'><strong>turbatur</strong></span> <span class='ocrx_word' id='word_1_390' title='bbox 1587 2594 1655 2662; x_wconf 64' lang='lat' dir='ltr'><strong>&#39;per</strong></span> <span class='ocrx_word' id='word_1_391' title='bbox 1677 2575 1840 2657; x_wconf 84' lang='lat' dir='ltr'><strong>homines,</strong></span> <span class='ocrx_word' id='word_1_392' title='bbox 1863 2597 1923 2662; x_wconf 80' lang='lat' dir='ltr'><strong>per</strong></span> <span class='ocrx_word' id='word_1_393' title='bbox 1946 2578 2168 2664; x_wconf 85' lang='lat' dir='ltr'><strong>cogitationes</strong></span> 
     </span>
     <span class='ocr_line' id='line_1_28' title="bbox 158 2659 2167 2746; baseline -0 -16"><span class='ocrx_word' id='word_1_394' title='bbox 158 2675 210 2730; x_wconf 87' lang='lat' dir='ltr'><strong>est</strong></span> <span class='ocrx_word' id='word_1_395' title='bbox 232 2661 402 2729; x_wconf 86' lang='lat' dir='ltr'><strong>familiaris</strong></span> <span class='ocrx_word' id='word_1_396' title='bbox 425 2662 606 2746; x_wconf 76' lang='lat' dir='ltr'><strong>capitaneo</strong></span> <span class='ocrx_word' id='word_1_397' title='bbox 635 2672 668 2727; x_wconf 91' lang='lat' dir='ltr'><strong>et</strong></span> <span class='ocrx_word' id='word_1_398' title='bbox 690 2662 828 2746; x_wconf 88' lang='lat' dir='ltr'><strong>pastori,</strong></span> <span class='ocrx_word' id='word_1_399' title='bbox 850 2659 896 2724; x_wconf 90' lang='lat' dir='ltr'><strong>illi</strong></span> <span class='ocrx_word' id='word_1_400' title='bbox 919 2681 995 2727; x_wconf 90' lang='lat' dir='ltr'><strong>eum</strong></span> <span class='ocrx_word' id='word_1_401' title='bbox 1017 2685 1137 2731; x_wconf 88' lang='lat' dir='ltr'><strong>consu·</strong></span> <span class='ocrx_word' id='word_1_402' title='bbox 1188 2662 1387 2740; x_wconf 66' lang='lat' dir='ltr'><strong>rationalem</strong></span> <span class='ocrx_word' id='word_1_403' title='bbox 1410 2665 1543 2746; x_wconf 80' lang='lat' dir='ltr'><strong>quando</strong></span> <span class='ocrx_word' id='word_1_404' title='bbox 1566 2665 1669 2728; x_wconf 87' lang='lat' dir='ltr'><strong>simus</strong></span> <span class='ocrx_word' id='word_1_405' title='bbox 1693 2665 1726 2728; x_wconf 89' lang='lat' dir='ltr'><strong>iu</strong></span> <span class='ocrx_word' id='word_1_406' title='bbox 1757 2665 1979 2744; x_wconf 87' lang='lat' dir='ltr'><strong>invocatione,</strong></span> <span class='ocrx_word' id='word_1_407' title='bbox 2000 2676 2081 2729; x_wconf 91' lang='lat' dir='ltr'><strong>tuno</strong></span> <span class='ocrx_word' id='word_1_408' title='bbox 2109 2685 2167 2729; x_wconf 89' lang='lat' dir='ltr'><strong>vo·</strong></span> 
     </span>
     <span class='ocr_line' id='line_1_29' title="bbox 158 2747 2239 2830; baseline 0.001 -16"><span class='ocrx_word' id='word_1_409' title='bbox 158 2747 242 2830; x_wconf 86' lang='lat' dir='ltr'><strong>lunt,</strong></span> <span class='ocrx_word' id='word_1_410' title='bbox 261 2762 293 2815; x_wconf 85' lang='lat' dir='ltr'><strong>et</strong></span> <span class='ocrx_word' id='word_1_411' title='bbox 317 2750 462 2814; x_wconf 81' lang='lat' dir='ltr'><strong>vicissim</strong></span> <span class='ocrx_word' id='word_1_412' title='bbox 485 2750 698 2814; x_wconf 88' lang='lat' dir='ltr'><strong>ornanturab</strong></span> <span class='ocrx_word' id='word_1_413' title='bbox 717 2768 768 2813; x_wconf 89' lang='lat' dir='ltr'><strong>eo.</strong></span> <span class='ocrx_word' id='word_1_414' title='bbox 1159 2750 1282 2813; x_wconf 84' lang='lat' dir='ltr'><strong>tniunt</strong></span> <span class='ocrx_word' id='word_1_415' title='bbox 1302 2747 1349 2814; x_wconf 90' lang='lat' dir='ltr'><strong>illi</strong></span> <span class='ocrx_word' id='word_1_416' title='bbox 1379 2747 1563 2825; x_wconf 76' lang='grc' dir='ltr'><strong><em>σκύλλοκτιςι</em></strong></span> <span class='ocrx_word' id='word_1_417' title='bbox 1598 2749 1684 2823; x_wconf 88' lang='lat' dir='ltr'><strong>Quid</strong></span> <span class='ocrx_word' id='word_1_418' title='bbox 1717 2750 1877 2816; x_wconf 73' lang='lat' dir='ltr'><strong>invocas?</strong></span> <span class='ocrx_word' id='word_1_419' title='bbox 1919 2749 2016 2816; x_wconf 89' lang='lat' dir='ltr'><strong>Deus</strong></span> <span class='ocrx_word' id='word_1_420' title='bbox 2043 2763 2077 2815; x_wconf 89' lang='lat' dir='ltr'><strong>te</strong></span> <span class='ocrx_word' id='word_1_421' title='bbox 2099 2771 2168 2816; x_wconf 86' lang='lat' dir='ltr'><strong>nou</strong></span> <span class='ocrx_word' id='word_1_422' title='bbox 2236 2823 2239 2827; x_wconf 48' lang='grc'><strong><em>,</em></strong></span> 
     </span>
     <span class='ocr_line' id='line_1_30' title="bbox 244 2832 2167 2923; baseline 0.001 -23"><span class='ocrx_word' id='word_1_423' title='bbox 244 2834 398 2900; x_wconf 87' lang='lat' dir='ltr'><strong>Mireculi</strong></span> <span class='ocrx_word' id='word_1_424' title='bbox 431 2836 624 2921; x_wconf 75' lang='lat' dir='ltr'><strong>magnitudo</strong></span> <span class='ocrx_word' id='word_1_425' title='bbox 657 2844 709 2898; x_wconf 92' lang='lat' dir='ltr'><strong>est</strong></span> <span class='ocrx_word' id='word_1_426' title='bbox 742 2835 892 2920; x_wconf 85' lang='lat' dir='ltr'><strong>egregio.</strong></span> <span class='ocrx_word' id='word_1_427' title='bbox 948 2833 984 2900; x_wconf 97' lang='lat' dir='ltr'><strong>ln</strong></span> <span class='ocrx_word' id='word_1_428' title='bbox 1017 2834 1135 2904; x_wconf 87' lang='lat' dir='ltr'><strong>Marco</strong></span> <span class='ocrx_word' id='word_1_429' title='bbox 1188 2847 1295 2901; x_wconf 84' lang='lat' dir='ltr'><strong>curat.</strong></span> <span class='ocrx_word' id='word_1_430' title='bbox 1340 2836 1465 2903; x_wconf 78' lang='lat' dir='ltr'><strong>Omnes</strong></span> <span class='ocrx_word' id='word_1_431' title='bbox 1493 2838 1538 2901; x_wconf 89' lang='lat' dir='ltr'><strong>ita</strong></span> <span class='ocrx_word' id='word_1_432' title='bbox 1566 2837 1729 2923; x_wconf 78' lang='lat' dir='ltr'><strong>cogitant.</strong></span> <span class='ocrx_word' id='word_1_433' title='bbox 1774 2834 1858 2903; x_wconf 88' lang='lat' dir='ltr'><strong>lllud</strong></span> <span class='ocrx_word' id='word_1_434' title='bbox 1886 2852 1938 2902; x_wconf 83' lang='lat' dir='ltr'><strong>est</strong></span> <span class='ocrx_word' id='word_1_435' title='bbox 1970 2832 2167 2917; x_wconf 77' lang='grc' dir='ltr'><strong><em>σκύλλεσθαι,</em></strong></span> 
     </span>
     <span class='ocr_line' id='line_1_31' title="bbox 156 2919 2166 3006; baseline 0 -19"><span class='ocrx_word' id='word_1_436' title='bbox 156 2935 236 2987; x_wconf 89' lang='lat' dir='ltr'><strong>sunt</strong></span> <span class='ocrx_word' id='word_1_437' title='bbox 257 2920 425 2988; x_wconf 87' lang='lat' dir='ltr'><strong>voeabula</strong></span> <span class='ocrx_word' id='word_1_438' title='bbox 441 2920 584 2986; x_wconf 85' lang='lat' dir='ltr'><strong>Ebrnea.</strong></span> <span class='ocrx_word' id='word_1_439' title='bbox 612 2921 659 2980; x_wconf 79' lang='lat' dir='ltr'><strong>Es</strong></span> <span class='ocrx_word' id='word_1_440' title='bbox 680 2920 779 2981; x_wconf 76' lang='lat' dir='ltr'><strong>eiciet</strong></span> <span class='ocrx_word' id='word_1_441' title='bbox 800 2921 833 2983; x_wconf 95' lang='lat' dir='ltr'><strong>in</strong></span> <span class='ocrx_word' id='word_1_442' title='bbox 856 2924 1022 3006; x_wconf 82' lang='lat' dir='ltr'><strong>corruptis</strong></span> <span class='ocrx_word' id='word_1_443' title='bbox 1044 2919 1136 2989; x_wconf 86' lang='lat' dir='ltr'><strong>libris</strong></span> <span class='ocrx_word' id='word_1_444' title='bbox 1186 2921 1219 2985; x_wconf 91' lang='lat' dir='ltr'><strong>id</strong></span> <span class='ocrx_word' id='word_1_445' title='bbox 1243 2934 1295 2986; x_wconf 91' lang='lat' dir='ltr'><strong>est</strong></span> <span class='ocrx_word' id='word_1_446' title='bbox 1316 2919 1472 2994; x_wconf 85' lang='lat' dir='ltr'><strong>lacerari,</strong></span> <span class='ocrx_word' id='word_1_447' title='bbox 1506 2923 1551 2984; x_wconf 87' lang='lat' dir='ltr'><strong>do</strong></span> <span class='ocrx_word' id='word_1_448' title='bbox 1573 2923 1674 2985; x_wconf 78' lang='lat' dir='ltr'><strong>krotzt</strong></span> <span class='ocrx_word' id='word_1_449' title='bbox 1694 2944 1788 2985; x_wconf 77' lang='grc' dir='ltr'><strong><em>αιισαι</em></strong></span> <span class='ocrx_word' id='word_1_450' title='bbox 1810 2924 1904 2989; x_wconf 82' lang='lat' dir='ltr'><strong>ratio·</strong></span> <span class='ocrx_word' id='word_1_451' title='bbox 1919 2925 1972 2985; x_wconf 79' lang='lat' dir='ltr'><strong>die</strong></span> <span class='ocrx_word' id='word_1_452' title='bbox 1995 2926 2166 2989; x_wconf 89' lang='lat' dir='ltr'><strong>conscicn-</strong></span> 
     </span>
     <span class='ocr_line' id='line_1_32' title="bbox 155 3004 2165 3090; baseline 0.001 -17"><span class='ocrx_word' id='word_1_453' title='bbox 155 3009 290 3085; x_wconf 80' lang='lat' dir='ltr'><strong>&#39;labita3</strong></span> <span class='ocrx_word' id='word_1_454' title='bbox 312 3027 345 3068; x_wconf 84' lang='lat' dir='ltr'><strong>es</strong></span> <span class='ocrx_word' id='word_1_455' title='bbox 366 3009 447 3070; x_wconf 83' lang='lat' dir='ltr'><strong>haist</strong></span> <span class='ocrx_word' id='word_1_456' title='bbox 470 3006 543 3069; x_wconf 82' lang='lat' dir='ltr'><strong>uber</strong></span> <span class='ocrx_word' id='word_1_457' title='bbox 563 3005 650 3069; x_wconf 80' lang='lat' dir='ltr'><strong>aicit</strong></span> <span class='ocrx_word' id='word_1_458' title='bbox 671 3004 798 3070; x_wconf 80' lang='lat' dir='ltr'><strong>Tabite.</strong></span> <span class='ocrx_word' id='word_1_459' title='bbox 843 3004 962 3072; x_wconf 77' lang='lat' dir='ltr'><strong>Tabite</strong></span> <span class='ocrx_word' id='word_1_460' title='bbox 983 3008 1062 3071; x_wconf 77' lang='lat' dir='ltr'><strong>beist</strong></span> <span class='ocrx_word' id='word_1_461' title='bbox 1081 3032 1135 3076; x_wconf 89' lang='lat' dir='ltr'><strong>ca·</strong></span> <span class='ocrx_word' id='word_1_462' title='bbox 1187 3010 1277 3086; x_wconf 87' lang='lat' dir='ltr'><strong>tiam,</strong></span> <span class='ocrx_word' id='word_1_463' title='bbox 1301 3009 1424 3073; x_wconf 78' lang='grc' dir='ltr'><strong><em>σκύλλει</em></strong></span> <span class='ocrx_word' id='word_1_464' title='bbox 1444 3008 1532 3090; x_wconf 67' lang='grc' dir='ltr'><strong><em>ἡμᾶς,</em></strong></span> <span class='ocrx_word' id='word_1_465' title='bbox 1555 3021 1588 3075; x_wconf 89' lang='lat' dir='ltr'><strong>et</strong></span> <span class='ocrx_word' id='word_1_466' title='bbox 1610 3012 1721 3075; x_wconf 86' lang='lat' dir='ltr'><strong>turbat</strong></span> <span class='ocrx_word' id='word_1_467' title='bbox 1748 3012 2007 3082; x_wconf 87' lang='lat' dir='ltr'><strong>invocationem,</strong></span> <span class='ocrx_word' id='word_1_468' title='bbox 2036 3014 2081 3076; x_wconf 92' lang='lat' dir='ltr'><strong>ita</strong></span> <span class='ocrx_word' id='word_1_469' title='bbox 2112 3028 2165 3076; x_wconf 85' lang='lat' dir='ltr'><strong>ve·</strong></span> 
     </span>
     <span class='ocr_line' id='line_1_33' title="bbox 154 3091 2122 3180; baseline 0.002 -20"><span class='ocrx_word' id='word_1_470' title='bbox 154 3116 248 3180; x_wconf 85' lang='lat' dir='ltr'><strong>pree,</strong></span> <span class='ocrx_word' id='word_1_471' title='bbox 283 3095 344 3155; x_wconf 81' lang='lat' dir='ltr'><strong>das</strong></span> <span class='ocrx_word' id='word_1_472' title='bbox 364 3095 464 3157; x_wconf 72' lang='grc' dir='ltr'><strong><em>ιλκλαλ</em></strong></span> <span class='ocrx_word' id='word_1_473' title='bbox 485 3096 518 3158; x_wconf 91' lang='lat' dir='ltr'><strong>in</strong></span> <span class='ocrx_word' id='word_1_474' title='bbox 542 3094 651 3171; x_wconf 79' lang='lat' dir='ltr'><strong>Actis,</strong></span> <span class='ocrx_word' id='word_1_475' title='bbox 674 3091 743 3153; x_wconf 80' lang='lat' dir='ltr'><strong>diss</strong></span> <span class='ocrx_word' id='word_1_476' title='bbox 763 3095 797 3156; x_wconf 93' lang='lat' dir='ltr'><strong>in</strong></span> <span class='ocrx_word' id='word_1_477' title='bbox 821 3092 955 3171; x_wconf 79' lang='lat' dir='ltr'><strong>Morc03</strong></span> <span class='ocrx_word' id='word_1_478' title='bbox 984 3093 1037 3156; x_wconf 78' lang='lat' dir='ltr'><strong>roi</strong></span> <span class='ocrx_word' id='word_1_479' title='bbox 1054 3095 1135 3158; x_wconf 79' lang='lat' dir='ltr'><strong>inis·</strong></span> <span class='ocrx_word' id='word_1_480' title='bbox 1186 3098 1281 3161; x_wconf 88' lang='lat' dir='ltr'><strong>niunt</strong></span> <span class='ocrx_word' id='word_1_481' title='bbox 1302 3093 1516 3174; x_wconf 82' lang='lat' dir='ltr'><strong>illi,·dicunt=</strong></span> <span class='ocrx_word' id='word_1_482' title='bbox 1538 3095 1622 3158; x_wconf 72' lang='lat' dir='ltr'><strong>haas</strong></span> <span class='ocrx_word' id='word_1_483' title='bbox 1642 3096 1696 3159; x_wconf 82' lang='lat' dir='ltr'><strong>idn</strong></span> <span class='ocrx_word' id='word_1_484' title='bbox 1718 3097 1885 3175; x_wconf 70' lang='lat' dir='ltr'><strong>mlrieden,</strong></span> <span class='ocrx_word' id='word_1_485' title='bbox 1908 3112 1961 3163; x_wconf 87' lang='lat' dir='ltr'><strong>est</strong></span> <span class='ocrx_word' id='word_1_486' title='bbox 1982 3109 2122 3164; x_wconf 86' lang='lat' dir='ltr'><strong>mortua.</strong></span> 
     </span>
     <span class='ocr_line' id='line_1_34' title="bbox 153 3178 2167 3268; baseline 0.003 -26"><span class='ocrx_word' id='word_1_487' title='bbox 153 3202 219 3252; x_wconf 75' lang='lat' dir='ltr'><strong>sent,</strong></span> <span class='ocrx_word' id='word_1_488' title='bbox 257 3181 362 3243; x_wconf 73' lang='lat' dir='ltr'><strong>Polite</strong></span> <span class='ocrx_word' id='word_1_489' title='bbox 391 3182 497 3260; x_wconf 72' lang='lat' dir='ltr'><strong>Caeni,</strong></span> <span class='ocrx_word' id='word_1_490' title='bbox 531 3181 619 3266; x_wconf 91' lang='lat' dir='ltr'><strong>quod</strong></span> <span class='ocrx_word' id='word_1_491' title='bbox 652 3178 821 3264; x_wconf 84' lang='lat' dir='ltr'><strong>significat</strong></span> <span class='ocrx_word' id='word_1_492' title='bbox 849 3178 993 3261; x_wconf 88' lang='lat' dir='ltr'><strong>puellam</strong></span> <span class='ocrx_word' id='word_1_493' title='bbox 1021 3180 1135 3268; x_wconf 83' lang='lat' dir='ltr'><strong>lingua</strong></span> <span class='ocrx_word' id='word_1_494' title='bbox 1275 3182 1431 3247; x_wconf 70' lang='lat' dir='ltr'><strong>tibristus</strong></span> <span class='ocrx_word' id='word_1_495' title='bbox 1448 3180 1630 3268; x_wconf 86' lang='lat' dir='ltr'><strong>alloquitur</strong></span> <span class='ocrx_word' id='word_1_496' title='bbox 1652 3202 1739 3263; x_wconf 82' lang='lat' dir='ltr'><strong>eunt,</strong></span> <span class='ocrx_word' id='word_1_497' title='bbox 1758 3196 1791 3250; x_wconf 88' lang='lat' dir='ltr'><strong>et</strong></span> <span class='ocrx_word' id='word_1_498' title='bbox 1807 3182 2047 3250; x_wconf 77' lang='lat' dir='ltr'><strong>consolatur-in</strong></span> <span class='ocrx_word' id='word_1_499' title='bbox 2058 3184 2167 3249; x_wconf 84' lang='lat' dir='ltr'><strong>medie</strong></span> 
     </span>
     <span class='ocr_line' id='line_1_35' title="bbox 155 3262 2166 3354; baseline 0.002 -24"><span class='ocrx_word' id='word_1_500' title='bbox 155 3264 349 3338; x_wconf 86' lang='lat' dir='ltr'><strong>Chaldaica,</strong></span> <span class='ocrx_word' id='word_1_501' title='bbox 373 3289 459 3352; x_wconf 87' lang='lat' dir='ltr'><strong>quae</strong></span> <span class='ocrx_word' id='word_1_502' title='bbox 475 3280 554 3331; x_wconf 90' lang='lat' dir='ltr'><strong>tunc</strong></span> <span class='ocrx_word' id='word_1_503' title='bbox 576 3266 698 3330; x_wconf 89' lang='lat' dir='ltr'><strong>usitata</strong></span> <span class='ocrx_word' id='word_1_504' title='bbox 720 3262 825 3328; x_wconf 86' lang='lat' dir='ltr'><strong>fuitin</strong></span> <span class='ocrx_word' id='word_1_505' title='bbox 838 3267 971 3349; x_wconf 83' lang='lat' dir='ltr'><strong>populo.</strong></span> <span class='ocrx_word' id='word_1_506' title='bbox 996 3267 1138 3354; x_wconf 80' lang='lat' dir='ltr'><strong>Syriaca</strong></span> <span class='ocrx_word' id='word_1_507' title='bbox 1185 3278 1303 3347; x_wconf 86' lang='lat' dir='ltr'><strong>morte,</strong></span> <span class='ocrx_word' id='word_1_508' title='bbox 1324 3266 1369 3348; x_wconf 69' lang='lat' dir='ltr'><strong>pi</strong></span> <span class='ocrx_word' id='word_1_509' title='bbox 1387 3268 1493 3352; x_wconf 80' lang='grc' dir='ltr'><strong><em>φόβου,</em></strong></span> <span class='ocrx_word' id='word_1_510' title='bbox 1515 3279 1636 3333; x_wconf 75' lang='grc' dir='ltr'><strong><em>πίστευε</em></strong></span> <span class='ocrx_word' id='word_1_511' title='bbox 1653 3269 1764 3352; x_wconf 70' lang='lat' dir='ltr'><strong>pinon:</strong></span> <span class='ocrx_word' id='word_1_512' title='bbox 1786 3274 1942 3343; x_wconf 76' lang='grc' dir='ltr'><strong><em>ιιοικλύιιια,</em></strong></span> <span class='ocrx_word' id='word_1_513' title='bbox 1955 3271 2058 3333; x_wconf 84' lang='lat' dir='ltr'><strong>erede.</strong></span> <span class='ocrx_word' id='word_1_514' title='bbox 2081 3267 2166 3333; x_wconf 87' lang='lat' dir='ltr'><strong>Cou-</strong></span> 
     </span>
     <span class='ocr_line' id='line_1_36' title="bbox 155 3350 2179 3440; baseline 0.001 -24"><span class='ocrx_word' id='word_1_515' title='bbox 155 3363 189 3416; x_wconf 91' lang='lat' dir='ltr'><strong>et</strong></span> <span class='ocrx_word' id='word_1_516' title='bbox 210 3351 393 3416; x_wconf 84' lang='lat' dir='ltr'><strong>Chaldaica</strong></span> <span class='ocrx_word' id='word_1_517' title='bbox 421 3363 614 3416; x_wconf 75' lang='lat' dir='ltr'><strong>contortae</strong></span> <span class='ocrx_word' id='word_1_518' title='bbox 637 3350 847 3428; x_wconf 88' lang='lat' dir='ltr'><strong>eberaea,</strong></span> <span class='ocrx_word' id='word_1_519' title='bbox 878 3354 964 3417; x_wconf 90' lang='lat' dir='ltr'><strong>sicut</strong></span> <span class='ocrx_word' id='word_1_520' title='bbox 986 3353 1137 3421; x_wconf 87' lang='lat' dir='ltr'><strong>italicum</strong></span> <span class='ocrx_word' id='word_1_521' title='bbox 1185 3355 1291 3438; x_wconf 83' lang='lat' dir='ltr'><strong>iungit</strong></span> <span class='ocrx_word' id='word_1_522' title='bbox 1310 3351 1369 3419; x_wconf 85' lang='lat' dir='ltr'><strong>ille</strong></span> <span class='ocrx_word' id='word_1_523' title='bbox 1390 3356 1473 3432; x_wconf 91' lang='lat' dir='ltr'><strong>duo,</strong></span> <span class='ocrx_word' id='word_1_524' title='bbox 1496 3367 1528 3419; x_wconf 86' lang='lat' dir='ltr'><strong>et.</strong></span> <span class='ocrx_word' id='word_1_525' title='bbox 1555 3358 1706 3440; x_wconf 80' lang='lat' dir='ltr'><strong>procedit</strong></span> <span class='ocrx_word' id='word_1_526' title='bbox 1727 3379 1803 3421; x_wconf 86' lang='lat' dir='ltr'><strong>eum</strong></span> <span class='ocrx_word' id='word_1_527' title='bbox 1827 3377 1876 3421; x_wconf 92' lang='lat' dir='ltr'><strong>eo.</strong></span> <span class='ocrx_word' id='word_1_528' title='bbox 1923 3355 2076 3420; x_wconf 88' lang='lat' dir='ltr'><strong>Sciamus</strong></span> <span class='ocrx_word' id='word_1_529' title='bbox 2101 3368 2179 3420; x_wconf 43' lang='lat' dir='ltr'><strong>tur-⁴</strong></span> 
     </span>
     <span class='ocr_line' id='line_1_37' title="bbox 156 3433 2165 3527; baseline 0.002 -25"><span class='ocrx_word' id='word_1_530' title='bbox 156 3448 207 3502; x_wconf 87' lang='lat' dir='ltr'><strong>est</strong></span> <span class='ocrx_word' id='word_1_531' title='bbox 230 3449 337 3502; x_wconf 84' lang='lat' dir='ltr'><strong>ortum</strong></span> <span class='ocrx_word' id='word_1_532' title='bbox 360 3459 402 3501; x_wconf 86' lang='lat' dir='ltr'><strong>ex</strong></span> <span class='ocrx_word' id='word_1_533' title='bbox 424 3436 545 3501; x_wconf 88' lang='lat' dir='ltr'><strong>Latina</strong></span> <span class='ocrx_word' id='word_1_534' title='bbox 566 3433 697 3520; x_wconf 78' lang='lat' dir='ltr'><strong>&#39;lingua</strong></span> <span class='ocrx_word' id='word_1_535' title='bbox 741 3435 803 3498; x_wconf 84' lang='lat' dir='ltr'><strong>Est</strong></span> <span class='ocrx_word' id='word_1_536' title='bbox 825 3437 989 3504; x_wconf 87' lang='lat' dir='ltr'><strong>interdum</strong></span> <span class='ocrx_word' id='word_1_537' title='bbox 1012 3439 1137 3525; x_wconf 88' lang='lat' dir='ltr'><strong>aliquid</strong></span> <span class='ocrx_word' id='word_1_538' title='bbox 1187 3441 1257 3504; x_wconf 86' lang='lat' dir='ltr'><strong>huri</strong></span> <span class='ocrx_word' id='word_1_539' title='bbox 1293 3438 1513 3505; x_wconf 86' lang='lat' dir='ltr'><strong>rationalibus</strong></span> <span class='ocrx_word' id='word_1_540' title='bbox 1545 3443 1753 3527; x_wconf 78' lang='lat' dir='ltr'><strong>argumentis</strong></span> <span class='ocrx_word' id='word_1_541' title='bbox 1786 3443 2044 3507; x_wconf 88' lang='lat' dir='ltr'><strong>invocationem.</strong></span> <span class='ocrx_word' id='word_1_542' title='bbox 2092 3440 2165 3507; x_wconf 79' lang='lat' dir='ltr'><strong>Nos</strong></span> 
     </span>
     <span class='ocr_line' id='line_1_38' title="bbox 154 3518 2167 3612; baseline 0.003 -25"><span class='ocrx_word' id='word_1_543' title='bbox 154 3524 308 3588; x_wconf 88' lang='lat' dir='ltr'><strong>mixtum:</strong></span> <span class='ocrx_word' id='word_1_544' title='bbox 330 3520 437 3588; x_wconf 87' lang='lat' dir='ltr'><strong>Talita</strong></span> <span class='ocrx_word' id='word_1_545' title='bbox 460 3520 584 3606; x_wconf 89' lang='lat' dir='ltr'><strong>puella,</strong></span> <span class='ocrx_word' id='word_1_546' title='bbox 607 3520 705 3581; x_wconf 78' lang='lat' dir='ltr'><strong>siebat</strong></span> <span class='ocrx_word' id='word_1_547' title='bbox 727 3521 760 3583; x_wconf 92' lang='lat' dir='ltr'><strong>in</strong></span> <span class='ocrx_word' id='word_1_548' title='bbox 784 3518 966 3588; x_wconf 86' lang='lat' dir='ltr'><strong>Chaldaioo</strong></span> <span class='ocrx_word' id='word_1_549' title='bbox 991 3523 1090 3591; x_wconf 86' lang='lat' dir='ltr'><strong>Prov.</strong></span> <span class='ocrx_word' id='word_1_550' title='bbox 1102 3529 1135 3593; x_wconf 86' lang='grc'><strong>9.</strong></span> <span class='ocrx_word' id='word_1_551' title='bbox 1186 3537 1295 3590; x_wconf 87' lang='lat' dir='ltr'><strong>tamen</strong></span> <span class='ocrx_word' id='word_1_552' title='bbox 1331 3526 1489 3590; x_wconf 88' lang='lat' dir='ltr'><strong>debemus</strong></span> <span class='ocrx_word' id='word_1_553' title='bbox 1513 3547 1646 3610; x_wconf 82' lang='lat' dir='ltr'><strong>urgere,</strong></span> <span class='ocrx_word' id='word_1_554' title='bbox 1668 3547 1809 3612; x_wconf 79' lang='lat' dir='ltr'><strong>pergere</strong></span> <span class='ocrx_word' id='word_1_555' title='bbox 1832 3529 1864 3593; x_wconf 92' lang='lat' dir='ltr'><strong>in</strong></span> <span class='ocrx_word' id='word_1_556' title='bbox 1887 3528 2109 3606; x_wconf 87' lang='lat' dir='ltr'><strong>invocatione,</strong></span> <span class='ocrx_word' id='word_1_557' title='bbox 2132 3537 2167 3594; x_wconf 83' lang='lat' dir='ltr'><strong>et</strong></span> 
     </span>
     <span class='ocr_line' id='line_1_39' title="bbox 154 3599 2166 3730; baseline -0 -55"><span class='ocrx_word' id='word_1_558' title='bbox 154 3609 209 3670; x_wconf 77' lang='lat' dir='ltr'><strong>Sia</strong></span> <span class='ocrx_word' id='word_1_559' title='bbox 240 3608 339 3670; x_wconf 76' lang='lat' dir='ltr'><strong>haben</strong></span> <span class='ocrx_word' id='word_1_560' title='bbox 373 3609 541 3697; x_wconf 68' lang='lat' dir='ltr'><strong>dininiiri,</strong></span> <span class='ocrx_word' id='word_1_561' title='bbox 572 3626 639 3681; x_wconf 76' lang='lat' dir='ltr'><strong>was</strong></span> <span class='ocrx_word' id='word_1_562' title='bbox 660 3626 694 3667; x_wconf 80' lang='grc' dir='ltr'><strong><em>αι</em></strong></span> <span class='ocrx_word' id='word_1_563' title='bbox 713 3605 804 3667; x_wconf 79' lang='lat' dir='ltr'><strong>laist.</strong></span> <span class='ocrx_word' id='word_1_564' title='bbox 850 3605 962 3695; x_wconf 85' lang='lat' dir='ltr'><strong>Aliqui</strong></span> <span class='ocrx_word' id='word_1_565' title='bbox 984 3613 1136 3679; x_wconf 87' lang='lat' dir='ltr'><strong>emenda·</strong></span> <span class='ocrx_word' id='word_1_566' title='bbox 1157 3599 1162 3730; x_wconf 60' lang='lat' dir='ltr'><strong>l</strong></span> <span class='ocrx_word' id='word_1_567' title='bbox 1186 3609 1344 3691; x_wconf 87' lang='lat' dir='ltr'><strong>clamare,</strong></span> <span class='ocrx_word' id='word_1_568' title='bbox 1365 3613 1453 3677; x_wconf 85' lang='lat' dir='ltr'><strong>sicut</strong></span> <span class='ocrx_word' id='word_1_569' title='bbox 1476 3609 1533 3679; x_wconf 90' lang='lat' dir='ltr'><strong>ille</strong></span> <span class='ocrx_word' id='word_1_570' title='bbox 1551 3610 1691 3678; x_wconf 77' lang='lat' dir='ltr'><strong>clamat:</strong></span> <span class='ocrx_word' id='word_1_571' title='bbox 1715 3615 1818 3676; x_wconf 83' lang='lat' dir='ltr'><strong>Credo</strong></span> <span class='ocrx_word' id='word_1_572' title='bbox 1832 3615 1974 3690; x_wconf 77' lang='lat' dir='ltr'><strong>Donum,</strong></span> <span class='ocrx_word' id='word_1_573' title='bbox 1996 3615 2054 3675; x_wconf 84' lang='lat' dir='ltr'><strong>sed</strong></span> <span class='ocrx_word' id='word_1_574' title='bbox 2077 3632 2166 3695; x_wconf 85' lang='lat' dir='ltr'><strong>opem</strong></span> 
     </span>
     <span class='ocr_line' id='line_1_40' title="bbox 153 3689 2166 3811; baseline 0.003 -52"><span class='ocrx_word' id='word_1_575' title='bbox 153 3710 232 3761; x_wconf 87' lang='lat' dir='ltr'><strong>runt</strong></span> <span class='ocrx_word' id='word_1_576' title='bbox 255 3694 420 3761; x_wconf 87' lang='lat' dir='ltr'><strong>Graecum</strong></span> <span class='ocrx_word' id='word_1_577' title='bbox 443 3707 578 3773; x_wconf 87' lang='lat' dir='ltr'><strong>textum,</strong></span> <span class='ocrx_word' id='word_1_578' title='bbox 596 3694 684 3759; x_wconf 88' lang='lat' dir='ltr'><strong>sicut</strong></span> <span class='ocrx_word' id='word_1_579' title='bbox 704 3689 1135 3783; x_wconf 85' lang='lat' dir='ltr'><strong>illeeorrexitMagnillcat.</strong></span> <span class='ocrx_word' id='word_1_580' title='bbox 1158 3701 1235 3811; x_wconf 62' lang='lat' dir='ltr'><strong>&#39;ser</strong></span> <span class='ocrx_word' id='word_1_581' title='bbox 1255 3697 1464 3760; x_wconf 79' lang='lat' dir='ltr'><strong>imbecillitati</strong></span> <span class='ocrx_word' id='word_1_582' title='bbox 1485 3719 1579 3765; x_wconf 71' lang='lat' dir='ltr'><strong>aneae.</strong></span> <span class='ocrx_word' id='word_1_583' title='bbox 1625 3697 1695 3760; x_wconf 77' lang='lat' dir='ltr'><strong>Das</strong></span> <span class='ocrx_word' id='word_1_584' title='bbox 1721 3698 1820 3763; x_wconf 73' lang='lat' dir='ltr'><strong>rolina</strong></span> <span class='ocrx_word' id='word_1_585' title='bbox 1847 3704 1906 3761; x_wconf 84' lang='lat' dir='ltr'><strong>wir</strong></span> <span class='ocrx_word' id='word_1_586' title='bbox 1930 3701 2045 3789; x_wconf 79' lang='lat' dir='ltr'><strong>lernen.</strong></span> <span class='ocrx_word' id='word_1_587' title='bbox 2092 3694 2166 3765; x_wconf 90' lang='lat' dir='ltr'><strong>Pul·</strong></span> 
     </span>
     <span class='ocr_line' id='line_1_41' title="bbox 153 3776 2167 3899; baseline 0 -52"><span class='ocrx_word' id='word_1_588' title='bbox 153 3780 216 3847; x_wconf 81' lang='lat' dir='ltr'><strong>llst</strong></span> <span class='ocrx_word' id='word_1_589' title='bbox 237 3783 359 3847; x_wconf 78' lang='lat' dir='ltr'><strong>usitata</strong></span> <span class='ocrx_word' id='word_1_590' title='bbox 387 3782 628 3869; x_wconf 84' lang='lat' dir='ltr'><strong>reprehensio,</strong></span> <span class='ocrx_word' id='word_1_591' title='bbox 643 3781 775 3866; x_wconf 89' lang='lat' dir='ltr'><strong>quando</strong></span> <span class='ocrx_word' id='word_1_592' title='bbox 793 3776 914 3864; x_wconf 78' lang='lat' dir='ltr'><strong>uliquis</strong></span> <span class='ocrx_word' id='word_1_593' title='bbox 935 3782 1063 3848; x_wconf 81' lang='lat' dir='ltr'><strong>sciolus</strong></span> <span class='ocrx_word' id='word_1_594' title='bbox 1086 3808 1134 3853; x_wconf 78' lang='lat' dir='ltr'><strong>re</strong></span> <span class='ocrx_word' id='word_1_595' title='bbox 1158 3816 1161 3899; x_wconf 60' lang='grc' dir='ltr'>Ι</span> <span class='ocrx_word' id='word_1_596' title='bbox 1186 3783 1363 3873; x_wconf 74' lang='lat' dir='ltr'><strong>cherrima,</strong></span> <span class='ocrx_word' id='word_1_597' title='bbox 1383 3785 1494 3870; x_wconf 83' lang='lat' dir='ltr'><strong>imago</strong></span> <span class='ocrx_word' id='word_1_598' title='bbox 1517 3796 1577 3850; x_wconf 53' lang='lat' dir='ltr'><strong>est,</strong></span> <span class='ocrx_word' id='word_1_599' title='bbox 1614 3788 1659 3848; x_wconf 73' lang='lat' dir='ltr'><strong>rt</strong></span> <span class='ocrx_word' id='word_1_600' title='bbox 1677 3786 1815 3863; x_wconf 81' lang='grc' dir='ltr'><strong><em>σκύλλεις</em></strong></span> <span class='ocrx_word' id='word_1_601' title='bbox 1835 3785 2034 3867; x_wconf 76' lang='grc' dir='ltr'><strong><em>διδύσκαλοκς</em></strong></span> <span class='ocrx_word' id='word_1_602' title='bbox 2061 3785 2167 3849; x_wconf 80' lang='grc' dir='ltr'><strong><em>λσιαύλ</em></strong></span> 
     </span>
     <span class='ocr_line' id='line_1_42' title="bbox 153 3863 2172 4014; baseline 0.002 -81"><span class='ocrx_word' id='word_1_603' title='bbox 153 3869 328 3955; x_wconf 86' lang='lat' dir='ltr'><strong>prehendit</strong></span> <span class='ocrx_word' id='word_1_604' title='bbox 350 3865 486 3953; x_wconf 83' lang='lat' dir='ltr'><strong>aliquid,</strong></span> <span class='ocrx_word' id='word_1_605' title='bbox 513 3867 603 3954; x_wconf 90' lang='lat' dir='ltr'><strong>quod</strong></span> <span class='ocrx_word' id='word_1_606' title='bbox 624 3888 692 3932; x_wconf 93' lang='lat' dir='ltr'><strong>non</strong></span> <span class='ocrx_word' id='word_1_607' title='bbox 714 3863 885 4014; x_wconf 47' lang='lat' dir='ltr'><strong>intelliffim</strong></span> <span class='ocrx_word' id='word_1_608' title='bbox 910 3880 943 3933; x_wconf 87' lang='lat' dir='ltr'><strong>ot</strong></span> <span class='ocrx_word' id='word_1_609' title='bbox 971 3869 1053 3935; x_wconf 85' lang='lat' dir='ltr'><strong>l&#39;ecit</strong></span> <span class='ocrx_word' id='word_1_610' title='bbox 1082 3875 1136 3939; x_wconf 88' lang='lat' dir='ltr'><strong>de·</strong></span> <span class='ocrx_word' id='word_1_611' title='bbox 1158 3906 1161 3941; x_wconf 69' lang='lat'><strong>;</strong></span> <span class='ocrx_word' id='word_1_612' title='bbox 1185 3867 1236 3932; x_wconf 84' lang='lat' dir='ltr'><strong>ein</strong></span> <span class='ocrx_word' id='word_1_613' title='bbox 1257 3870 1385 3942; x_wconf 63' lang='lat' dir='ltr'><strong>mecm</strong></span> <span class='ocrx_word' id='word_1_614' title='bbox 1408 3870 1563 3936; x_wconf 86' lang='lat' dir='ltr'><strong>Christus</strong></span> <span class='ocrx_word' id='word_1_615' title='bbox 1587 3875 1751 3938; x_wconf 86' lang='lat' dir='ltr'><strong>convertit</strong></span> <span class='ocrx_word' id='word_1_616' title='bbox 1773 3891 1812 3938; x_wconf 83' lang='lat' dir='ltr'><strong>se</strong></span> <span class='ocrx_word' id='word_1_617' title='bbox 1833 3875 1877 3940; x_wconf 93' lang='lat' dir='ltr'><strong>ad</strong></span> <span class='ocrx_word' id='word_1_618' title='bbox 1899 3872 2030 3951; x_wconf 78' lang='lat' dir='ltr'><strong>laicum,</strong></span> <span class='ocrx_word' id='word_1_619' title='bbox 2050 3872 2092 3958; x_wconf 71' lang='lat' dir='ltr'><strong>pi</strong></span> <span class='ocrx_word' id='word_1_620' title='bbox 2113 3870 2172 3959; x_wconf 76' lang='lat' dir='ltr'><strong>pi·</strong></span> 
     </span>
     <span class='ocr_line' id='line_1_43' title="bbox 152 3951 2166 4044; baseline 0.003 -23"><span class='ocrx_word' id='word_1_621' title='bbox 152 3958 270 4033; x_wconf 85' lang='lat' dir='ltr'><strong>terius,</strong></span> <span class='ocrx_word' id='word_1_622' title='bbox 292 3977 328 4015; x_wconf 80' lang='grc' dir='ltr'><strong>ιο</strong></span> <span class='ocrx_word' id='word_1_623' title='bbox 350 3963 422 4036; x_wconf 79' lang='lat' dir='ltr'><strong>sapt</strong></span> <span class='ocrx_word' id='word_1_624' title='bbox 445 3975 530 4015; x_wconf 81' lang='lat' dir='ltr'><strong>mun:</strong></span> <span class='ocrx_word' id='word_1_625' title='bbox 553 3953 611 4018; x_wconf 94' lang='lat' dir='ltr'><strong>llle</strong></span> <span class='ocrx_word' id='word_1_626' title='bbox 634 3953 788 4017; x_wconf 86' lang='lat' dir='ltr'><strong>emendat</strong></span> <span class='ocrx_word' id='word_1_627' title='bbox 806 3951 859 4016; x_wconf 83' lang='lat' dir='ltr'><strong>tta</strong></span> <span class='ocrx_word' id='word_1_628' title='bbox 887 3956 1011 4023; x_wconf 73' lang='lat' dir='ltr'><strong>nilitmt.</strong></span> <span class='ocrx_word' id='word_1_629' title='bbox 1047 3958 1136 4032; x_wconf 83' lang='lat' dir='ltr'><strong>Quid</strong></span> <span class='ocrx_word' id='word_1_630' title='bbox 1158 3956 1161 4044; x_wconf 61' lang='lat' dir='ltr'>f</span> <span class='ocrx_word' id='word_1_631' title='bbox 1184 3962 1247 4044; x_wconf 87' lang='grc' dir='ltr'><strong><em>βοο.</em></strong></span> <span class='ocrx_word' id='word_1_632' title='bbox 1293 3955 1384 4022; x_wconf 92' lang='lat' dir='ltr'><strong>lllam</strong></span> <span class='ocrx_word' id='word_1_633' title='bbox 1408 3956 1670 4023; x_wconf 86' lang='lat' dir='ltr'><strong>consolationem</strong></span> <span class='ocrx_word' id='word_1_634' title='bbox 1705 3961 1864 4026; x_wconf 85' lang='lat' dir='ltr'><strong>debemus</strong></span> <span class='ocrx_word' id='word_1_635' title='bbox 1900 3961 2100 4040; x_wconf 84' lang='lat' dir='ltr'><strong>meminisse,</strong></span> <span class='ocrx_word' id='word_1_636' title='bbox 2131 3971 2166 4027; x_wconf 87' lang='lat' dir='ltr'><strong>et</strong></span> 
     </span>
     <span class='ocr_line' id='line_1_44' title="bbox 153 3976 2167 4129; baseline 0.002 -23"><span class='ocrx_word' id='word_1_637' title='bbox 153 4043 323 4108; x_wconf 86' lang='lat' dir='ltr'><strong>acciderat</strong></span> <span class='ocrx_word' id='word_1_638' title='bbox 346 4039 415 4105; x_wconf 76' lang='lat' dir='ltr'><strong>illi?</strong></span> <span class='ocrx_word' id='word_1_639' title='bbox 437 4042 515 4126; x_wconf 86' lang='lat' dir='ltr'><strong>quid</strong></span> <span class='ocrx_word' id='word_1_640' title='bbox 539 4038 747 4106; x_wconf 72' lang='lat' dir='ltr'><strong>emendavit?</strong></span> <span class='ocrx_word' id='word_1_641' title='bbox 768 4042 845 4123; x_wconf 89' lang='lat' dir='ltr'><strong>lpse</strong></span> <span class='ocrx_word' id='word_1_642' title='bbox 863 3976 949 4129; x_wconf 74' lang='lat' dir='ltr'><strong>legit</strong></span> <span class='ocrx_word' id='word_1_643' title='bbox 972 4045 1003 4107; x_wconf 87' lang='lat' dir='ltr'><strong>in</strong></span> <span class='ocrx_word' id='word_1_644' title='bbox 1017 4065 1134 4114; x_wconf 89' lang='lat' dir='ltr'><strong>versu:</strong></span> <span class='ocrx_word' id='word_1_645' title='bbox 1157 4120 1161 4129; x_wconf 28' lang='lat'><strong>¹</strong></span> <span class='ocrx_word' id='word_1_646' title='bbox 1185 4046 1273 4109; x_wconf 87' lang='lat' dir='ltr'><strong>scire</strong></span> <span class='ocrx_word' id='word_1_647' title='bbox 1296 4044 1384 4109; x_wconf 91' lang='lat' dir='ltr'><strong>dicta</strong></span> <span class='ocrx_word' id='word_1_648' title='bbox 1407 4043 1547 4110; x_wconf 86' lang='lat' dir='ltr'><strong>Christi:</strong></span> <span class='ocrx_word' id='word_1_649' title='bbox 1568 4045 1677 4123; x_wconf 81' lang='lat' dir='ltr'><strong>Orate,</strong></span> <span class='ocrx_word' id='word_1_650' title='bbox 1700 4053 1730 4107; x_wconf 84' lang='lat' dir='ltr'><strong>et</strong></span> <span class='ocrx_word' id='word_1_651' title='bbox 1749 4066 1810 4107; x_wconf 85' lang='lat' dir='ltr'><strong>non</strong></span> <span class='ocrx_word' id='word_1_652' title='bbox 1832 4048 2066 4128; x_wconf 79' lang='lat' dir='ltr'><strong>desatipanini,</strong></span> <span class='ocrx_word' id='word_1_653' title='bbox 2095 4067 2167 4113; x_wconf 88' lang='lat' dir='ltr'><strong>non</strong></span> 
     </span>
     <span class='ocr_line' id='line_1_45' title="bbox 153 4124 2166 4237; baseline 0.004 -48"><span class='ocrx_word' id='word_1_654' title='bbox 153 4128 317 4210; x_wconf 73' lang='lat' dir='ltr'><strong>Disponit</strong></span> <span class='ocrx_word' id='word_1_655' title='bbox 338 4127 504 4209; x_wconf 76' lang='lat' dir='ltr'><strong>superbos.-</strong></span> <span class='ocrx_word' id='word_1_656' title='bbox 536 4125 597 4192; x_wconf 87' lang='lat' dir='ltr'><strong>suit</strong></span> <span class='ocrx_word' id='word_1_657' title='bbox 625 4128 659 4190; x_wconf 89' lang='lat' dir='ltr'><strong>iu</strong></span> <span class='ocrx_word' id='word_1_658' title='bbox 687 4124 754 4188; x_wconf 89' lang='lat' dir='ltr'><strong>line</strong></span> <span class='ocrx_word' id='word_1_659' title='bbox 774 4145 884 4206; x_wconf 78' lang='lat' dir='ltr'><strong>snper,</strong></span> <span class='ocrx_word' id='word_1_660' title='bbox 914 4142 947 4206; x_wconf 81' lang='lat' dir='ltr'><strong>et</strong></span> <span class='ocrx_word' id='word_1_661' title='bbox 976 4131 1048 4204; x_wconf 79' lang='lat' dir='ltr'><strong>dos,</strong></span> <span class='ocrx_word' id='word_1_662' title='bbox 1072 4133 1142 4213; x_wconf 76' lang='grc' dir='ltr'><strong><em>αιιβ·</em></strong></span> <span class='ocrx_word' id='word_1_663' title='bbox 1184 4132 1284 4197; x_wconf 83' lang='lat' dir='ltr'><strong>sinite</strong></span> <span class='ocrx_word' id='word_1_664' title='bbox 1307 4130 1416 4197; x_wconf 85' lang='lat' dir='ltr'><strong>excuti</strong></span> <span class='ocrx_word' id='word_1_665' title='bbox 1438 4130 1771 4219; x_wconf 86' lang='lat' dir='ltr'><strong>invocationemillis</strong></span> <span class='ocrx_word' id='word_1_666' title='bbox 1794 4134 2065 4237; x_wconf 80' lang='lat' dir='ltr'><strong>cogitationibus:</strong></span> <span class='ocrx_word' id='word_1_667' title='bbox 2082 4132 2166 4202; x_wconf 80' lang='lat' dir='ltr'><strong>&#39;lem</strong></span> 
     </span>
     <span class='ocr_line' id='line_1_46' title="bbox 154 4208 2167 4300; baseline 0.006 -26"><span class='ocrx_word' id='word_1_668' title='bbox 154 4214 212 4275; x_wconf 82' lang='lat' dir='ltr'><strong>der</strong></span> <span class='ocrx_word' id='word_1_669' title='bbox 234 4216 353 4276; x_wconf 82' lang='lat' dir='ltr'><strong>andern</strong></span> <span class='ocrx_word' id='word_1_670' title='bbox 380 4217 493 4276; x_wconf 79' lang='lat' dir='ltr'><strong>seiten:</strong></span> <span class='ocrx_word' id='word_1_671' title='bbox 524 4213 590 4297; x_wconf 71' lang='lat' dir='ltr'><strong>Ep,</strong></span> <span class='ocrx_word' id='word_1_672' title='bbox 622 4211 728 4296; x_wconf 89' lang='lat' dir='ltr'><strong>inquit</strong></span> <span class='ocrx_word' id='word_1_673' title='bbox 760 4208 830 4290; x_wconf 90' lang='lat' dir='ltr'><strong>ille,</strong></span> <span class='ocrx_word' id='word_1_674' title='bbox 863 4223 910 4281; x_wconf 79' lang='lat' dir='ltr'><strong>ert</strong></span> <span class='ocrx_word' id='word_1_675' title='bbox 932 4217 1133 4298; x_wconf 71' lang='lat' dir='ltr'><strong>inpossibile,</strong></span> <span class='ocrx_word' id='word_1_676' title='bbox 1185 4219 1240 4283; x_wconf 92' lang='lat' dir='ltr'><strong>diu</strong></span> <span class='ocrx_word' id='word_1_677' title='bbox 1262 4218 1438 4295; x_wconf 83' lang='lat' dir='ltr'><strong>invocasti,</strong></span> <span class='ocrx_word' id='word_1_678' title='bbox 1460 4216 1584 4283; x_wconf 78' lang='lat' dir='ltr'><strong>frustra</strong></span> <span class='ocrx_word' id='word_1_679' title='bbox 1606 4214 1752 4300; x_wconf 85' lang='lat' dir='ltr'><strong>clamas,</strong></span> <span class='ocrx_word' id='word_1_680' title='bbox 1787 4218 1866 4285; x_wconf 86' lang='lat' dir='ltr'><strong>nihtl</strong></span> <span class='ocrx_word' id='word_1_681' title='bbox 1896 4219 2053 4286; x_wconf 82' lang='lat' dir='ltr'><strong>effecisti:</strong></span> <span class='ocrx_word' id='word_1_682' title='bbox 2077 4219 2167 4290; x_wconf 82' lang='lat' dir='ltr'><strong>sicut</strong></span> 
     </span>
     <span class='ocr_line' id='line_1_47' title="bbox 154 4297 1714 4383; baseline 0.008 -25"><span class='ocrx_word' id='word_1_683' title='bbox 154 4298 202 4358; x_wconf 78' lang='grc' dir='ltr'><strong>Εκ</strong></span> <span class='ocrx_word' id='word_1_684' title='bbox 217 4321 297 4362; x_wconf 71' lang='lat' dir='ltr'><strong>nnnc</strong></span> <span class='ocrx_word' id='word_1_685' title='bbox 318 4301 454 4368; x_wconf 78' lang='lat' dir='ltr'><strong>heissen:</strong></span> <span class='ocrx_word' id='word_1_686' title='bbox 477 4302 700 4381; x_wconf 77' lang='lat' dir='ltr'><strong>superiorem.</strong></span> <span class='ocrx_word' id='word_1_687' title='bbox 729 4297 840 4382; x_wconf 84' lang='lat' dir='ltr'><strong>Saepe</strong></span> <span class='ocrx_word' id='word_1_688' title='bbox 861 4301 929 4366; x_wconf 92' lang='lat' dir='ltr'><strong>hoe</strong></span> <span class='ocrx_word' id='word_1_689' title='bbox 947 4306 1078 4383; x_wconf 88' lang='lat' dir='ltr'><strong>accidit,</strong></span> <span class='ocrx_word' id='word_1_690' title='bbox 1098 4321 1133 4371; x_wconf 89' lang='lat' dir='ltr'><strong>ut</strong></span> <span class='ocrx_word' id='word_1_691' title='bbox 1184 4300 1287 4370; x_wconf 87' lang='lat' dir='ltr'><strong>multe</strong></span> <span class='ocrx_word' id='word_1_692' title='bbox 1305 4305 1439 4369; x_wconf 88' lang='lat' dir='ltr'><strong>turbant</strong></span> <span class='ocrx_word' id='word_1_693' title='bbox 1461 4305 1714 4371; x_wconf 85' lang='lat' dir='ltr'><strong>invocationem.</strong></span> 
     </span>
     <span class='ocr_line' id='line_1_48' title="bbox 141 4380 2167 4480; baseline 0.006 -34"><span class='ocrx_word' id='word_1_694' title='bbox 141 4380 250 4465; x_wconf 76' lang='lat' dir='ltr'><strong>¹fatuit</strong></span> <span class='ocrx_word' id='word_1_695' title='bbox 270 4386 366 4452; x_wconf 81' lang='lat' dir='ltr'><strong>scioli</strong></span> <span class='ocrx_word' id='word_1_696' title='bbox 375 4389 566 4466; x_wconf 85' lang='lat' dir='ltr'><strong>emendent,</strong></span> <span class='ocrx_word' id='word_1_697' title='bbox 585 4404 672 4474; x_wconf 87' lang='lat' dir='ltr'><strong>quae</strong></span> <span class='ocrx_word' id='word_1_698' title='bbox 685 4403 752 4447; x_wconf 93' lang='lat' dir='ltr'><strong>non</strong></span> <span class='ocrx_word' id='word_1_699' title='bbox 765 4383 968 4476; x_wconf 86' lang='lat' dir='ltr'><strong>intelligunt.</strong></span> <span class='ocrx_word' id='word_1_700' title='bbox 1007 4389 1134 4454; x_wconf 79' lang='lat' dir='ltr'><strong>Talitlm</strong></span> <span class='ocrx_word' id='word_1_701' title='bbox 1269 4389 1331 4455; x_wconf 85' lang='lat' dir='ltr'><strong>Est</strong></span> <span class='ocrx_word' id='word_1_702' title='bbox 1354 4391 1476 4456; x_wconf 92' lang='lat' dir='ltr'><strong>dictum</strong></span> <span class='ocrx_word' id='word_1_703' title='bbox 1505 4391 1704 4478; x_wconf 84' lang='lat' dir='ltr'><strong>Syracidae:</strong></span> <span class='ocrx_word' id='word_1_704' title='bbox 1732 4390 1776 4478; x_wconf 78' lang='grc' dir='ltr'><em>μῂ</em></span> <span class='ocrx_word' id='word_1_705' title='bbox 1799 4390 2023 4478; x_wconf 71' lang='grc' dir='ltr'><strong><em>ὀλιγοψαχῆσῃς</em></strong></span> <span class='ocrx_word' id='word_1_706' title='bbox 2043 4397 2075 4456; x_wconf 75' lang='grc' dir='ltr'><strong>ἐκ</strong></span> <span class='ocrx_word' id='word_1_707' title='bbox 2092 4416 2167 4480; x_wconf 78' lang='grc' dir='ltr'><strong>προ·</strong></span> 
     </span>
     <span class='ocr_line' id='line_1_49' title="bbox 153 4469 2166 4562; baseline 0.006 -31"><span class='ocrx_word' id='word_1_708' title='bbox 153 4469 234 4531; x_wconf 77' lang='lat' dir='ltr'><strong>lte&#39;irt</strong></span> <span class='ocrx_word' id='word_1_709' title='bbox 255 4473 378 4556; x_wconf 84' lang='lat' dir='ltr'><strong>puella,</strong></span> <span class='ocrx_word' id='word_1_710' title='bbox 403 4475 504 4553; x_wconf 63' lang='lat' dir='ltr'><strong>meai,</strong></span> <span class='ocrx_word' id='word_1_711' title='bbox 527 4494 640 4560; x_wconf 85' lang='lat' dir='ltr'><strong>surge.</strong></span> <span class='ocrx_word' id='word_1_712' title='bbox 1184 4479 1346 4562; x_wconf 75' lang='grc' dir='ltr'><strong><em>σεοχῇσιαι</em></strong></span> <span class='ocrx_word' id='word_1_713' title='bbox 1368 4497 1431 4539; x_wconf 89' lang='lat' dir='ltr'><strong>non</strong></span> <span class='ocrx_word' id='word_1_714' title='bbox 1451 4479 1498 4538; x_wconf 79' lang='lat' dir='ltr'><strong>sis</strong></span> <span class='ocrx_word' id='word_1_715' title='bbox 1514 4476 1727 4559; x_wconf 70' lang='lat' dir='ltr'><strong>pauiiimtimis</strong></span> <span class='ocrx_word' id='word_1_716' title='bbox 1747 4482 1781 4541; x_wconf 85' lang='lat' dir='ltr'><strong>in</strong></span> <span class='ocrx_word' id='word_1_717' title='bbox 1803 4480 2019 4543; x_wconf 73' lang='lat' dir='ltr'><strong>invocatione:</strong></span> <span class='ocrx_word' id='word_1_718' title='bbox 2044 4481 2078 4544; x_wconf 86' lang='lat' dir='ltr'><strong>id</strong></span> <span class='ocrx_word' id='word_1_719' title='bbox 2101 4489 2166 4560; x_wconf 90' lang='lat' dir='ltr'><strong>est,</strong></span> 
     </span>
     <span class='ocr_line' id='line_1_50' title="bbox 240 4556 2166 4651; baseline 0.006 -33"><span class='ocrx_word' id='word_1_720' title='bbox 240 4556 277 4623; x_wconf 89' lang='lat' dir='ltr'><strong>ln</strong></span> <span class='ocrx_word' id='word_1_721' title='bbox 303 4559 395 4625; x_wconf 87' lang='lat' dir='ltr'><strong>Luca</strong></span> <span class='ocrx_word' id='word_1_722' title='bbox 428 4561 529 4625; x_wconf 74' lang='lat' dir='ltr'><strong>namt</strong></span> <span class='ocrx_word' id='word_1_723' title='bbox 560 4560 640 4623; x_wconf 85' lang='grc' dir='ltr'><strong><em>αααΙι</em></strong></span> <span class='ocrx_word' id='word_1_724' title='bbox 671 4564 721 4623; x_wconf 81' lang='lat' dir='ltr'><strong>ein</strong></span> <span class='ocrx_word' id='word_1_725' title='bbox 753 4560 934 4623; x_wconf 74' lang='grc' dir='ltr'><strong><em>κοααλακλὶαλι</em></strong></span> <span class='ocrx_word' id='word_1_726' title='bbox 961 4570 1058 4643; x_wconf 77' lang='lat' dir='ltr'><strong>mort,</strong></span> <span class='ocrx_word' id='word_1_727' title='bbox 1091 4563 1133 4646; x_wconf 68' lang='lat' dir='ltr'><strong>pp</strong></span> <span class='ocrx_word' id='word_1_728' title='bbox 1183 4560 1287 4628; x_wconf 88' lang='lat' dir='ltr'><strong>multa</strong></span> <span class='ocrx_word' id='word_1_729' title='bbox 1308 4574 1342 4629; x_wconf 91' lang='lat' dir='ltr'><strong>et</strong></span> <span class='ocrx_word' id='word_1_730' title='bbox 1363 4584 1483 4651; x_wconf 84' lang='lat' dir='ltr'><strong>magna</strong></span> <span class='ocrx_word' id='word_1_731' title='bbox 1506 4577 1594 4649; x_wconf 90' lang='lat' dir='ltr'><strong>pete,</strong></span> <span class='ocrx_word' id='word_1_732' title='bbox 1616 4576 1651 4629; x_wconf 89' lang='lat' dir='ltr'><strong>et</strong></span> <span class='ocrx_word' id='word_1_733' title='bbox 1671 4585 1739 4631; x_wconf 90' lang='lat' dir='ltr'><strong>nou</strong></span> <span class='ocrx_word' id='word_1_734' title='bbox 1761 4565 1914 4644; x_wconf 85' lang='lat' dir='ltr'><strong>desinas,</strong></span> <span class='ocrx_word' id='word_1_735' title='bbox 1944 4565 2166 4633; x_wconf 88' lang='lat' dir='ltr'><strong>etiamsinon</strong></span> 
     </span>
     <span class='ocr_line' id='line_1_51' title="bbox 154 4640 1879 4736; baseline 0.004 -28"><span class='ocrx_word' id='word_1_736' title='bbox 154 4642 270 4709; x_wconf 78' lang='grc' dir='ltr'><strong><em>σκύλλε.</em></strong></span> <span class='ocrx_word' id='word_1_737' title='bbox 291 4640 395 4710; x_wconf 64' lang='lat' dir='ltr'><strong>Inito</strong></span> <span class='ocrx_word' id='word_1_738' title='bbox 415 4647 536 4710; x_wconf 61' lang='lat' dir='ltr'><strong>lusam</strong></span> <span class='ocrx_word' id='word_1_739' title='bbox 556 4647 688 4729; x_wconf 73' lang='lat' dir='ltr'><strong>inrupere,</strong></span> <span class='ocrx_word' id='word_1_740' title='bbox 711 4650 825 4734; x_wconf 87' lang='lat' dir='ltr'><strong>panni,</strong></span> <span class='ocrx_word' id='word_1_741' title='bbox 846 4647 965 4735; x_wconf 84' lang='lat' dir='ltr'><strong>pelles.</strong></span> <span class='ocrx_word' id='word_1_742' title='bbox 1183 4650 1294 4714; x_wconf 87' lang='lat' dir='ltr'><strong>statim</strong></span> <span class='ocrx_word' id='word_1_743' title='bbox 1312 4651 1431 4723; x_wconf 86' lang='lat' dir='ltr'><strong>evenit,</strong></span> <span class='ocrx_word' id='word_1_744' title='bbox 1450 4651 1539 4736; x_wconf 90' lang='lat' dir='ltr'><strong>quod</strong></span> <span class='ocrx_word' id='word_1_745' title='bbox 1561 4650 1622 4715; x_wconf 86' lang='lat' dir='ltr'><strong>vis.</strong></span> <span class='ocrx_word' id='word_1_746' title='bbox 1874 4670 1879 4677; x_wconf 92' lang='lat'><em>·</em></span> 
     </span>
    </p>
   </div>
   <div class='ocr_carea' id='block_1_5' title="bbox 361 4825 2230 4976">
    <p class='ocr_par' dir='ltr' id='par_1_5' title="bbox 361 4825 2230 4976">
     <span class='ocr_line' id='line_1_52' title="bbox 361 4825 2230 4976; baseline 0.017 -53"><span class='ocrx_word' id='word_1_747' title='bbox 361 4840 472 4945; x_wconf 89' lang='lat' dir='ltr'><strong>Quid</strong></span> <span class='ocrx_word' id='word_1_748' title='bbox 501 4843 701 4955; x_wconf 86' lang='lat' dir='ltr'><strong>significat</strong></span> <span class='ocrx_word' id='word_1_749' title='bbox 721 4836 910 4936; x_wconf 65' lang='lat' dir='ltr'><strong>ceipene?</strong></span> <span class='ocrx_word' id='word_1_750' title='bbox 1205 4860 1322 4964; x_wconf 87' lang='lat' dir='ltr'><strong>Quae</strong></span> <span class='ocrx_word' id='word_1_751' title='bbox 1353 4876 1448 4947; x_wconf 80' lang='lat' dir='ltr'><strong>sunt</strong></span> <span class='ocrx_word' id='word_1_752' title='bbox 1477 4862 1544 4948; x_wconf 86' lang='lat' dir='ltr'><strong>illa</strong></span> <span class='ocrx_word' id='word_1_753' title='bbox 1568 4862 1701 4949; x_wconf 64' lang='lat' dir='ltr'><strong>&#39;multa</strong></span> <span class='ocrx_word' id='word_1_754' title='bbox 1733 4879 1777 4948; x_wconf 83' lang='lat' dir='ltr'><strong>et</strong></span> <span class='ocrx_word' id='word_1_755' title='bbox 1806 4864 1983 4976; x_wconf 83' lang='lat' dir='ltr'><strong>magna?</strong></span> <span class='ocrx_word' id='word_1_756' title='bbox 2013 4865 2141 4952; x_wconf 81' lang='lat' dir='ltr'><strong>Estne</strong></span> <span class='ocrx_word' id='word_1_757' title='bbox 2174 4852 2179 4859; x_wconf 53' lang='grc'><strong>’</strong></span> <span class='ocrx_word' id='word_1_758' title='bbox 2226 4825 2230 4833; x_wconf 27' lang='lat'>⁸</span> 
     </span>
    </p>
   </div>
   <div class='ocr_carea' id='block_1_6' title="bbox 152 4985 2051 5164">
    <p class='ocr_par' dir='ltr' id='par_1_6' title="bbox 152 4985 2051 5164">
     <span class='ocr_line' id='line_1_53' title="bbox 238 4985 2051 5093; baseline -0.003 -39"><span class='ocrx_word' id='word_1_759' title='bbox 238 4985 365 5054; x_wconf 81' lang='lat' dir='ltr'><strong>Paulus</strong></span> <span class='ocrx_word' id='word_1_760' title='bbox 388 4990 508 5075; x_wconf 81' lang='lat' dir='ltr'><strong>lnquit:</strong></span> <span class='ocrx_word' id='word_1_761' title='bbox 529 4992 785 5057; x_wconf 73' lang='lat' dir='ltr'><strong>Dnaiiusiitium</strong></span> <span class='ocrx_word' id='word_1_762' title='bbox 796 5012 893 5054; x_wconf 82' lang='lat' dir='ltr'><strong>meum</strong></span> <span class='ocrx_word' id='word_1_763' title='bbox 904 5013 970 5055; x_wconf 76' lang='lat' dir='ltr'><strong>eree</strong></span> <span class='ocrx_word' id='word_1_764' title='bbox 980 4987 1130 5079; x_wconf 76' lang='grc' dir='ltr'><strong><em>σκύβαλα,</em></strong></span> <span class='ocrx_word' id='word_1_765' title='bbox 1296 5013 1473 5093; x_wconf 60' lang='lat' dir='ltr'><strong>neeesse,</strong></span> <span class='ocrx_word' id='word_1_766' title='bbox 1505 4996 1553 5068; x_wconf 81' lang='lat' dir='ltr'><strong>ut</strong></span> <span class='ocrx_word' id='word_1_767' title='bbox 1580 4985 1778 5071; x_wconf 69' lang='lat' dir='ltr'><strong>fias&#39;Rex</strong></span> <span class='ocrx_word' id='word_1_768' title='bbox 1809 4985 2051 5075; x_wconf 57' lang='lat' dir='ltr'><strong>polonicus?</strong></span> 
     </span>
     <span class='ocr_line' id='line_1_54' title="bbox 152 5075 1811 5164; baseline -0.002 -25"><span class='ocrx_word' id='word_1_769' title='bbox 152 5075 271 5154; x_wconf 79' lang='lat' dir='ltr'><strong>idest,</strong></span> <span class='ocrx_word' id='word_1_770' title='bbox 294 5087 445 5141; x_wconf 87' lang='lat' dir='ltr'><strong>stercora</strong></span> <span class='ocrx_word' id='word_1_771' title='bbox 474 5086 604 5144; x_wconf 80' lang='lat' dir='ltr'><strong>eanum</strong></span> <span class='ocrx_word' id='word_1_772' title='bbox 647 5081 745 5164; x_wconf 68' lang='grc' dir='ltr'><strong><em>Κύων,</em></strong></span> <span class='ocrx_word' id='word_1_773' title='bbox 767 5082 947 5154; x_wconf 73' lang='lat' dir='ltr'><strong>esiconis,</strong></span> <span class='ocrx_word' id='word_1_774' title='bbox 971 5081 1032 5143; x_wconf 78' lang='lat' dir='ltr'><strong>dus</strong></span> <span class='ocrx_word' id='word_1_775' title='bbox 1051 5087 1146 5145; x_wconf 78' lang='lat' dir='ltr'><strong>mort-</strong></span> <span class='ocrx_word' id='word_1_776' title='bbox 1438 5097 1441 5101; x_wconf 72' lang='grc'><strong><em>’</em></strong></span> <span class='ocrx_word' id='word_1_777' title='bbox 1805 5105 1811 5121; x_wconf 88' lang='lat'><strong>·</strong></span> 
     </span>
    </p>
   </div>
   <div class='ocr_carea' id='block_1_7' title="bbox 151 5114 2179 5259">
    <p class='ocr_par' dir='ltr' id='par_1_7' title="bbox 151 5114 2179 5259">
     <span class='ocr_line' id='line_1_55' title="bbox 151 5114 2179 5259; baseline 0.006 -33"><span class='ocrx_word' id='word_1_778' title='bbox 151 5162 231 5228; x_wconf 79' lang='grc' dir='ltr'><strong><em>κύων</em></strong></span> <span class='ocrx_word' id='word_1_779' title='bbox 250 5163 371 5247; x_wconf 86' lang='lat' dir='ltr'><strong>recipit</strong></span> <span class='ocrx_word' id='word_1_780' title='bbox 391 5160 519 5230; x_wconf 76' lang='lat' dir='ltr'><strong>literam</strong></span> <span class='ocrx_word' id='word_1_781' title='bbox 541 5165 613 5232; x_wconf 80' lang='lat' dir='ltr'><strong>rin</strong></span> <span class='ocrx_word' id='word_1_782' title='bbox 635 5167 888 5254; x_wconf 79' lang='lat' dir='ltr'><strong>compositione,</strong></span> <span class='ocrx_word' id='word_1_783' title='bbox 907 5166 987 5233; x_wconf 87' lang='lat' dir='ltr'><strong>inde</strong></span> <span class='ocrx_word' id='word_1_784' title='bbox 1003 5164 1131 5235; x_wconf 69' lang='lat' dir='ltr'><strong>dedra·</strong></span> <span class='ocrx_word' id='word_1_785' title='bbox 1268 5168 1356 5237; x_wconf 73' lang='lat' dir='ltr'><strong>uon,</strong></span> <span class='ocrx_word' id='word_1_786' title='bbox 1401 5168 1471 5237; x_wconf 87' lang='lat' dir='ltr'><strong>Sed</strong></span> <span class='ocrx_word' id='word_1_787' title='bbox 1492 5170 1596 5256; x_wconf 79' lang='lat' dir='ltr'><strong>petis,</strong></span> <span class='ocrx_word' id='word_1_788' title='bbox 1623 5182 1660 5236; x_wconf 91' lang='lat' dir='ltr'><strong>ut</strong></span> <span class='ocrx_word' id='word_1_789' title='bbox 1681 5166 1777 5237; x_wconf 76' lang='lat' dir='ltr'><strong>Deras</strong></span> <span class='ocrx_word' id='word_1_790' title='bbox 1806 5169 1864 5236; x_wconf 83' lang='lat' dir='ltr'><strong>tibi</strong></span> <span class='ocrx_word' id='word_1_791' title='bbox 1892 5134 2054 5259; x_wconf 82' lang='lat' dir='ltr'><strong>proroget</strong></span> <span class='ocrx_word' id='word_1_792' title='bbox 2077 5114 2179 5239; x_wconf 60' lang='lat' dir='ltr'><strong>ritaej</strong></span> 
     </span>
    </p>
   </div>
   <div class='ocr_carea' id='block_1_8' title="bbox 0 0 2314 5588">
    <p class='ocr_par' dir='ltr' id='par_1_8' title="bbox 0 0 2314 5588">
     <span class='ocr_line' id='line_1_56' title="bbox 0 0 2314 5588; baseline 0 1"><span class='ocrx_word' id='word_1_793' title='bbox 0 0 2314 5588; x_wconf 95' lang='lat' dir='ltr'><strong> </strong></span> 
     </span>
    </p>
   </div>
  </div>
 </body>
</html>
