4620 5588
113 230 120 242 ,
160 149 227 231 ιιι
500 156 507 161 ·
795 110 911 221 run.
932 151 1040 223 unt..
1065 151 1256 241 soarrra
1276 152 1542 241 marica.
1739 109 1747 123 ’
2114 159 2177 228 ιιι

146 338 309 408 dlomiue.
343 341 413 424 quis
441 341 628 404 manebit?
679 341 754 408 Non
777 344 898 424 [αιιαιιι
914 343 1144 424 tramitae
1193 342 1380 429 probabilis
1406 362 1529 410 caussa
1549 344 1755 425 remittendi,
1782 354 1819 412 ut
1840 348 1975 448 quanm
1995 349 2176 419 instituitur
2267 346 2272 352 ’

158 444 259 500 mcc,
281 429 357 510 prtia
378 426 468 490 Deru
488 449 570 501 aun,
592 449 655 491 uec
675 429 775 494 bomo.
1193 426 1420 497 reconciliatio
1444 449 1519 497 oum
1541 427 1670 518 aliquo,
1692 442 1770 517 post
1790 427 1923 499 lacinus
1946 436 2137 503 admissum.

245 511 401 582 Affirmat
422 534 461 580 se
478 515 701 602 mitigaturum
724 536 803 583 esse
824 536 966 601 poenas:
1011 517 1141 598 rimum,
1188 531 1198 539 ·
1280 517 1390 603 Saepe
1403 527 1540 603 propter
1556 536 1762 584 communem
1781 517 2061 606 tranquillitatem,
2077 543 2175 609 opor·

140 599 237 689 ,quia
254 619 351 666 nemo
370 602 479 686 possit
495 603 569 667 sine
587 598 883 670 exitici'erreiram
894 602 967 669 Del.
1034 605 1143 685 einde,
1192 614 1241 670 tet
1262 605 1455 670 condonare
1475 599 1605 690 aliquas
1628 604 1777 685 iniurias,
1801 616 1835 670 ut
1858 619 1935 691 post
1955 620 2174 694 recuperatas

158 687 237 773 quia
259 686 292 752 in
315 688 483 772 puniendo
502 686 729 774 principaliter
744 701 874 776 spectat
889 692 1140 776 poenitentiam
1172 688 1344 757 ¹Athenas
1373 685 1606 777 Thrasybulus
1635 691 1747 757 sanxit
1773 689 1955 775 ἀμνηστίαν,
1987 706 2022 761 et
2041 693 2175 762 ’Romae

158 784 193 839 et
214 775 488 855 emendationem,
511 794 578 848 non
601 776 777 843 interitum.
812 777 971 847 llomines
986 788 1142 865 spectant
1192 790 1271 864 post
1303 777 1513 846 interiectum
1546 772 1681 860 lulium,
1713 773 1804 845 iacta
1836 790 1889 846 est
1922 782 2107 849 transactio
2142 793 2176 850 et

157 859 191 925 in
213 860 264 925 ira
286 881 349 927 sua
370 856 528 927 ultionem
550 863 699 947 privatae
720 865 896 944 vindictae,
919 877 953 930 et
973 865 1141 931 interitum
1191 885 1267 931 com
1291 865 1388 931 esitio
1411 865 1517 952 peels,
1535 887 1676 954 eamque
1694 866 1908 934 vehementer
1925 872 2032 936 suasit
2043 868 2175 936 Cicero.

156 946 428 1013 adversariorum
451 968 605 1014 suorum:
626 946 723 1016 Deus
745 963 870 1031 autem,
893 953 1026 1041 quaudo
1048 953 1141 1040 punit
1164 990 1168 1067 Ι
1192 952 1250 1020 Sic
1268 887 1469 1039 l'bilosopbi
1500 954 1720 1039 praecipiunt:
1752 952 1795 1037 pq*
1819 964 2027 1038 μνησικακεῖν,
2049 958 2083 1022 id
2110 967 2175 1038 est,

157 1030 303 1137 Sanctos
325 1044 466 1119 paterna
488 1035 720 1122 castigatione,
737 1035 810 1109 vult
827 1060 888 1108 eos
910 1060 1074 1108 revocare
1096 1039 1141 1106 ed
1191 1060 1253 1103 con
1275 1042 1424 1123 persequi
1450 1059 1553 1101 omncs
1579 1043 1723 1102 ινιιιιιίιιι.
1779 1040 1856 1105 Νοιι
1883 1054 2016 1129 oportet
2042 1063 2175 1130 semper
2264 1118 2267 1124 ,

156 1123 405 1207 poenitentiam.
1192 1127 1233 1193 de
1255 1146 1385 1193 summo
1407 1128 1478 1193 iure
1499 1126 1597 1192 nimis
1619 1125 1787 1193 subtiliter
1809 1127 1996 1214 disputare:
2019 1131 2116 1217 quia,
2137 1142 2175 1195 ut

243 1205 339 1273 Talia
362 1199 450 1273 dicta
472 1207 596 1281 debent
619 1234 699 1281 esse
714 1215 749 1280 iu
766 1226 965 1300 conspectu,
985 1234 1053 1280 non
1071 1224 1142 1279 tau·
1193 1214 1329 1292 dicitur,
1362 1212 1397 1276 ed
1431 1217 1499 1277 itur
1532 1211 1653 1279 δίκαιον
1685 1213 1840 1301 πρόφασις
1868 1219 1931 1281 ἐστι
1960 1217 2013 1295 τῆς
2045 1215 2174 1291 ἀδικίας.

157 1304 226 1361 turn
253 1304 291 1362 ut
319 1294 550 1367 discernamus
569 1302 802 1368 remissionem
823 1299 942 1388 culpae
964 1312 998 1368 et
1018 1321 1142 1388 poena·
1192 1298 1314 1365 Subttle
1346 1301 1411 1372 ιἰιι,
1445 1306 1493 1360 est
1524 1305 1644 1362 caeam
1673 1307 1861 1381 praetextus
1891 1303 2076 1366 ινιιιιιιιιιιο.
2137 1302 2175 1368 Si
2278 1360 2282 1368 .

72 1415 75 1419 ·
156 1401 232 1455 rum
255 1384 506 1474 temporalium,
526 1389 589 1454 sed
612 1389 709 1455 etiam
732 1399 769 1456 ut
789 1388 952 1455 imitemur
974 1386 1142 1454 clamores
1194 1388 1269 1475 quis
1297 1383 1395 1452 laesit
1421 1386 1466 1453 de
1493 1387 1599 1451 verbo
1624 1398 1684 1453 aut
1711 1383 1802 1454 iacto
1824 1385 1956 1474 aliquo,
1977 1390 2175 1475 praesertim

160 1470 362 1541 Sanctorum
384 1477 563 1561 petentium
584 1475 821 1564 mitigationem
841 1495 1032 1561 poenarum.
1193 1475 1225 1540 si
1245 1490 1303 1538 res
1325 1492 1392 1541 nou
1415 1483 1468 1538 est
1489 1473 1601 1579 magui
1622 1473 1797 1580 menanti,
1819 1475 1925 1541 debes
1942 1476 2121 1556 remittere,
2137 1485 2176 1542 ut

1192 1570 1733 1730 ”diarmitium
1751 1557 2039 1714 ciiiilius
2076 1645 2175 1710 mu

1167 1734 1300 1827 pampus·
1320 1731 1420 1793 morbi
1441 1739 1591 1794 curantur
1615 1734 1720 1815 quiete
1747 1740 1779 1795 et
1807 1734 2008 1796 adsumtio.
2058 1730 2094 1798 ld
2115 1752 2174 1799 ve·

397 1838 574 1925 vu...
605 1853 912 1954 argumentum
1166 1818 1726 1989 inperterrita
1750 1817 2175 1992 stira

247 2056 434 2119 ...e
455 2063 519 2127 ι,
985 2131 987 2134 ,
1192 1988 1571 2164 errasset
1588 1927 2176 2144 2¹..irnumrm

246 2142 337 2225 5²9⁰
354 2163 417 2205 Μ
432 2143 883 2226 ‘1⁴³⁶‘0P08l121‘2'0122fl012'm
898 2143 976 2206 mill
986 2142 1143 2213 dmm?
1194 2162 1302 2242 dium,
1331 2182 1431 2249 quam
1459 2163 1629 2249 patientia.
1678 2162 1765 2229 Nam
1792 2161 1849 2229 hio
1870 2184 2003 2251 quoque
2025 2164 2176 2230 curando
2232 2194 2233 2198 ¹

1194 2246 1267 2314 fieri
1289 2248 1451 2335 quaedam
1472 2248 1586 2335 peiora
1607 2249 1776 2328 videmus,
1806 2250 1950 2323 Vienna,
1968 2270 2048 2333 qaue
2068 2250 2177 2313 aulius

247 2331 298 2399 lta
318 2352 400 2399 vero
422 2330 636 2400 solverentur
657 2352 773 2400 omues
797 2342 1001 2400 contractus.
1046 2332 1144 2400 Simi-
1193 2354 1257 2397 nou
1279 2336 1420 2417 tetipisse
1436 2335 1512 2414 sitit.
1563 2334 1600 2402 si
1628 2356 1696 2401 uon
1717 2333 1873 2402 volumus
1895 2347 2033 2403 nostrae
2054 2336 2177 2404 utilita-

159 2417 238 2487 liter
260 2418 513 2486 continuaretur
533 2416 668 2486 licentia
688 2416 928 2507 petulantibus.
960 2420 1016 2486 Au
1033 2420 1144 2487 remit·
1194 2421 1237 2486 tis
1268 2439 1391 2486 caussa
1417 2418 1569 2507 perferre
1598 2418 1838 2509 aliquantulam
1865 2422 2035 2504 iniuriam,
2064 2433 2176 2490 umen

159 2506 296 2575 tendum
319 2517 371 2574 est
399 2503 614 2593 simpliciter,
645 2506 685 2568 Si
711 2509 782 2591 pais
809 2504 965 2571 οινιᾰινιι
997 2513 1145 2591 opedam
1195 2503 1376 2575 consulere
1393 2508 1553 2575 debemus
1574 2509 1650 2661 paci
1672 2505 1900 2597 Reipublicae.

158 2600 262 2668 tamn,
286 2602 342 2657 αιιι
362 2596 507 2675 rapuerit
528 2593 589 2656 ttdi
609 2596 771 2677 occupem
789 2601 845 2656 aut
861 2591 983 2675 filiam?
1279 2592 1446 2661 Hernicus
1478 2592 1574 2660 blare
1598 2594 1648 2676 io,
1680 2593 1803 2662 comes
1832 2595 1875 2662 de
1901 2596 2063 2679 Nassum,
2097 2614 2173 2663 cum

248 2680 462 2768 Respondeo.
496 2679 590 2747 Sicut
607 2690 707 2747 antea
717 2680 759 2746 de
775 2681 1004 2747 misericordia
1020 2681 1144 2746 dictum
1193 2676 1434 2747 sollicitaretur
1454 2701 1476 2746 a
1497 2681 1693 2766 quibusdam
1715 2682 1758 2748 ad
1780 2682 2029 2768 suscipiendum
2051 2679 2177 2749 bellum

161 2777 232 2848 est,
259 2769 307 2833 ita
335 2765 392 2833 bic
419 2767 518 2833 etiam
544 2768 695 2833 iubemur
721 2766 905 2847 remittere,
935 2764 1066 2832 scilicet
1086 2766 1145 2832 ubi
1195 2776 1313 2831 contra
1334 2764 1601 2856 Itandgravium,
1623 2768 1667 2833 ad
1688 2770 1953 2853 recuperandum
1977 2765 2178 2835 Comitaturn

160 2849 1146 3027 tradidisti?titiltiuii‘tii'iz'.i}
1192 2849 2178 3025 &ballistariistlatniz&itit:

468 2984 480 3019 ,
1547 2984 1555 3000 .

162 3026 193 3094 ei
216 3027 395 3107 remittere,
416 3025 479 3092 sed
501 3023 684 3093 defendere
706 3027 806 3095 vitem
828 2985 930 3095 tuanl.
973 3025 1067 3093 llaec
1088 3026 1146 3092 de-
1193 3027 1331 3098 mitutus,
1347 3032 1384 3088 at
1400 3033 1574 3109 propterea
1594 3026 1685 3088 eelim
1706 3026 1833 3090 mrim
1849 3024 2055 3107 (ιοννιανιιανι.
2090 3025 2179 3089 nm
2208 3085 2216 3095 .

161 3109 271 3180 leusio
294 3123 349 3179 est
368 3111 639 3266 iirrdsLnatmalis
661 3125 697 3182 et
719 3113 832 3180 divim.
875 3112 961 3180 Nem
983 3109 1146 3181 naturalia
1193 3111 1286 3264 piam
1306 3133 1362 3175 rao
1380 3119 1536 3196 tempora
1557 3113 1645 3206 sicut
1662 3113 1795 3180 tandem
1813 3110 1906 3181 facta
1923 3125 1975 3182 est
1992 3113 2178 3180 transactio

164 3211 243 3269 sunt
264 3200 346 3266 iuris
390 3201 457 3267 irin
922 3228 926 3238 ’
1205 3217 1275 3264 ure.
2188 3237 2193 3244 -

252 3283 336 3353 Cum
366 3306 519 3354 essemus
546 3286 582 3354 in
603 3296 772 3354 conventu
793 3283 1053 3367 Ratisboncuei,
1073 3294 1146 3351 erat
1279 3282 1371 3351 idern
1393 3282 1495 3353 multo
1517 3286 1626 3374 magis
1647 3304 1712 3352 uos
1739 3282 1903 3352 iaciamus
1929 3285 1963 3352 iu
1990 3287 2093 3352 rebus
2119 3283 2180 3350 mi·

187 3373 299 3441 uidam
326 3394 454 3460 pauper
482 3386 669 3453 mercator,
698 3384 733 3440 et
762 3371 894 3460 quidem
914 3373 1062 3458 hospes,
1089 3372 1146 3457 qui
1194 3372 1352 3448 nuribus3
1379 3391 1447 3437 ncn
1470 3371 1693 3439 anteferamus
1717 3371 1913 3459 cupiditates
1934 3383 2071 3438 nostras
2092 3364 2180 3436 utili·

164 3394 301 3528 ludebat
321 3461 355 3525 in
400 3460 520 3527 uadam
541 3457 656 3548 platea
672 3460 824 3527 iaciendo
843 3457 947 3547 giobo
965 3458 1010 3524 ad
1025 3455 1145 3524 femen·
1195 3459 1255 3523 tati
1283 3457 1466 3537 communi,
1496 3470 1527 3523 et
1553 3455 1784 3546 tranquillitati
1811 3457 1997 3526 Ecclesiae.
2048 3455 2179 3544 Cogite·
2294 3529 2296 3531 ,

165 3548 226 3615 das
271 3482 455 3634 mamilae,
477 3564 724 3614 coerceamus
746 3545 867 3630 kepelc,
885 3545 963 3609 oder
980 3545 1038 3608 der
1058 3541 1150 3626 kepel
1195 3563 1270 3610 mus
1302 3541 1401 3625 illud,
1441 3545 1531 3630 quod
1571 3557 1664 3611 recte
1702 3544 1800 3610 etiam
1833 3543 1901 3611 buc
1932 3543 2180 3611 accommodari

164 3569 316 3723 subsilen-
367 3632 546 3700 Transibat
575 3629 654 3700 illac
680 3632 870 3720 Hispanus,
901 3653 1000 3738 qnam
1026 3649 1147 3717 seque·
1196 3641 1311 3714 potest
1333 3630 1375 3696 de
1394 3632 1608 3697 cunctatione
1629 3631 1741 3699 Fabiis
1772 3629 1848 3696 Noe
1864 3630 2005 3721 poemat
2029 3633 2109 3693 caim
2130 3649 2180 3692 ru·

164 3721 263 3788 batur
284 3716 456 3799 canicula,
486 3741 584 3806 qnam
606 3717 752 3785 habebat
772 3719 806 3784 in
828 3716 975 3798 delictis,
1002 3737 1044 3784 ea
1065 3713 1147 3782 alla·
1196 3736 1297 3780 mores
1318 3715 1553 3783 waterstetm.
2183 3760 2185 3764 -

165 3809 276 3874 trabat
308 3819 545 3889 mercatorem,
584 3818 619 3870 et
655 3803 814 3870 fortassis
850 3804 999 3870 laeserat
1030 3822 1147 3869 morsu

165 3914 244 3960 crus
268 3894 350 3958 eius.
384 3893 556 3958 Mercator
576 3892 585 3956 i
612 3891 677 3956 ‘tur
698 3891 803 3977 abigit
824 3886 1021 3970 caniculam,
1042 3901 1076 3954 et
1097 3909 1148 3954 ar·

164 3980 242 4066 ripit
262 3976 415 4063 lapidem.
465 3977 564 4051 Quod
620 3979 758 4062 ispanus
780 3996 883 4063 aegre
909 3973 1040 4055 ferens,
1067 3995 1147 4040 mox
1198 4014 1238 4101 D
1436 4014 1446 4033 ·
1707 4013 1717 4033 ·
1749 4014 1759 4033 .
1856 4014 1865 4033 .
1921 4014 1931 4033 .
1973 4014 1982 4032 .
2100 4012 2141 4100 b.
2171 4047 2181 4067 .

165 4065 300 4152 stringit
333 4063 490 4152 gladium.
545 4061 625 4142 ille,
658 4063 735 4149 quia
765 4075 837 4128 erat
864 4062 1018 4140 inermis,
1052 4059 1148 4147 sugit,
1239 4043 1263 4098 θ
1295 4044 1376 4127 ‘lua
1405 4026 1557 4099 mute
1584 4025 1827 4128 praecrprtur
1854 4045 1897 4098 ¹¹¹
1919 4027 2004 4100 ΜΗ
2027 4043 2100 4099 ver
2129 4043 2181 4098 ¹³·

166 4148 337 4237 Hispanus
359 4151 561 4237 insequitur,
583 4161 615 4214 ct
636 4161 689 4215 ter
709 4170 772 4235 per
792 4145 882 4214 illam
904 4144 1065 4235 plateam,
1091 4147 1148 4212 ubi
1470 4162 1574 4237 Dm,
1596 4171 1628 4226 ,p
1650 4162 1781 4226 mame
1800 4163 1911 4229 „oum

167 4236 293 4305 inserat
310 4239 394 4316 iste,
416 4235 494 4303 hinc
516 4236 593 4302 iude
614 4232 797 4324 lugientem
822 4235 1051 4321 persequitur3
1078 4244 1149 4298 tau·

166 4325 243 4392 dem
264 4325 298 4389 iu
321 4324 418 4389 tertio
443 4324 670 4388 circumcursu
687 4323 803 4407 arripit.
819 4332 986 4388 mercator
1003 4316 1150 4407 gladium
1286 4318 1452 4403 Praecipit
1484 4317 1540 4383 bio
1567 4314 1724 4384 Christus
1745 4318 1801 4398 ‚de
1833 4316 2073 4396 beneficentia,
2100 4313 2183 4383 Vult

166 4408 305 4478 alterius
341 4411 385 4474 ibi
419 4411 601 4485 iacentem
636 4421 669 4474 et
704 4428 778 4484 cunr
811 4407 872 4473 llis
896 4426 982 4473 auus
1015 4415 1152 4494 urgeret
1200 4424 1264 4470 nos
1286 4400 1486 4470 benefacere
1506 4401 1598 4486 aliis,
1618 4403 1736 4469 iuvare
1758 4400 1911 4483 consilio,
1934 4400 2180 4481 consolatione,

27 4547 33 4560 .
165 4500 295 4577 isum,
316 4508 355 4562 ιιι
376 4517 415 4563 se
437 4493 634 4562 defenderet
654 4495 772 4560 stricto
794 4491 925 4582 gladio,
948 4513 1022 4560 eum
1041 4505 1151 4558 trans·
1200 4488 1430 4557 facultatibus.
1485 4489 1617 4556 Rursus
1645 4500 1754 4556 eutem
1781 4489 1874 4556 addit
1902 4489 2181 4576 promissionem:

166 4520 262 4651 lcldtt.
306 4580 388 4647 Mox
410 4582 542 4648 ducitur
563 4583 597 4646 in
620 4600 801 4648 carcerem.
846 4579 910 4655 Qui
930 4590 1085 4666 praeerat
1106 4581 1151 4645 in·
1201 4575 1339 4640 Dabitur
1370 4575 1469 4640 cobis.
1523 4576 1595 4642 Nec
1628 4587 1682 4641 est
1713 4577 1895 4642 absurdum
1929 4576 2059 4656 dicere,
2092 4575 2183 4661 quod

166 4671 280 4750 diciis,
309 4669 406 4734 iussit
433 4669 616 4735 examinari
646 4678 768 4748 testes,
785 4679 831 4740 et
858 4666 913 4733 his
939 4665 1081 4746 auditis,
1103 4665 1152 4731 di·
1200 4658 1296 4731 Deus
1318 4674 1514 4747 compenset
1536 4661 1708 4728 beneficiis
1729 4663 1801 4729 suis
1822 4673 1973 4728 nostram
1995 4659 2183 4728 beneficen-

166 4758 255 4832 misit
277 4776 363 4822 enm.
1202 4751 1297 4829 tiam,
1331 4761 1365 4816 et
1398 4749 1559 4815 habemus
1592 4745 1778 4834 exemplum
1812 4748 1931 4814 viduae
1965 4747 2181 4833 Sareptanae.

254 4841 350 4909 llaec
370 4838 508 4928 politica
529 4838 656 4906 babent
680 4860 776 4905 suum
799 4836 911 4906 iocum
933 4850 968 4904 et
989 4837 1151 4904 ordinent·
1202 4835 1275 4903 Nec
1298 4835 1432 4902 dubium
1456 4847 1525 4914 est,
1555 4834 1634 4920 quin
1655 4831 1753 4902 Deus
1776 4835 1895 4901 reddat
1916 4835 2063 4921 praemia
2083 4835 2184 4900 etiam

165 4927 243 4994 Non
266 4929 369 4994 debes
392 4926 575 5006 remittere,
602 4925 664 4991 sed
687 4924 773 4992 tueri
800 4936 833 4991 te
862 4925 1028 4991 adversus
1050 4920 1152 4990 latro·
1201 4922 1236 4987 in
1257 4919 1322 4987 hac
1344 4922 1413 4988 vita
1433 4922 1489 5002 iis,
1508 4923 1564 5009 qai
1581 4917 1793 4987 benefaciunt
1808 4917 1982 4988 Ecclesiae
2000 4931 2034 4986 et
2053 4919 2183 4988 discen·

168 5035 254 5081 nem.
298 5012 347 5079 ltu
370 5035 433 5081 nec
454 5009 505 5079 illi
525 5012 693 5079 remittere
716 5011 900 5118 debes,qui
922 5008 995 5077 vult
1016 5010 1076 5076 tibi
1095 5029 1151 5076 res
1201 5008 1289 5073 tibus
1312 5005 1473 5074 Salomon
1495 5007 1529 5073 in
1555 5006 1615 5072 uit:
1641 5007 1704 5078 Qui
1724 5006 1784 5071 dat
1800 5007 2021 5092 eleemosynam
2033 5007 2183 5090 pauperi.

60 5115 66 5119 ·
167 5115 244 5168 tuas
268 5102 407 5188 eripere.
452 5098 537 5167 Sunt
558 5111 670 5166 tamen
691 5095 748 5166 alii
769 5098 864 5167 multu
885 5117 998 5180 emus,
1020 5094 1079 5164 ubi
1100 5107 1153 5166 est
1202 5095 1341 5178 occipiti
1361 5114 1473 5158 wat
1493 5114 1515 5157 a
1570 5094 1683 5157 omt'w
