4620 5588
269 350 334 431 tlte
356 373 397 429 co
434 370 503 428 rata
523 360 623 428 ettam
646 356 689 427 te
710 360 935 450 magnitudin·
961 357 1165 427 consolatio

183 453 248 520 iris.
292 451 380 516 Sunt
425 466 487 516 uae
509 466 658 514 sammua
680 449 896 515 tentationes:
927 446 1004 513 Una
1026 459 1097 528 est,
1124 450 1167 514 de

183 537 409 624 magnitudine
430 536 560 620 peccati
578 533 719 602 alieuius
741 533 938 622 singularis:
966 530 1072 599 altera
1101 545 1166 612 est,

184 626 227 693 de
254 621 526 710 particularitate.
581 619 748 689 Diabolus
776 623 888 687 turbat
915 639 979 686 nos
1002 621 1166 687 atmmudt

184 711 458 799 cogitationibus:
482 707 553 774 ah!
577 710 607 772 si
623 722 692 773 nou
714 708 861 774 haberes
888 709 989 773 istmn
1010 726 1165 785 naevum,

34 830 48 841 .
181 795 279 876 neas
305 783 367 861 tut
395 803 484 862 aaa
506 796 678 880 propitius.
733 793 844 860 navtn
864 792 1007 880 ongean
1040 791 1113 858 au.
1135 793 1164 858 st

183 894 250 951 non
273 879 390 970 lapsus
412 890 509 947 esses
530 881 564 947 iu
591 878 807 962 adulterium,
833 883 864 946 si
893 900 961 946 non
987 882 1164 965 rapuisses
1187 910 1191 985 p

179 971 239 1038 isti
260 990 355 1036 suam
376 980 535 1048 moratu,
557 979 686 1035 staura
707 965 955 1047 interfecisses,
981 965 1079 1031 Deus
1105 965 1165 1030 tibi

181 1067 350 1146 parceret.
411 1055 480 1120 lsta
516 1056 585 1121 vita
611 1070 681 1120 aon
713 1055 784 1120 abit
816 1055 890 1120 sine
923 1052 1051 1119 erratis.
1106 1053 1163 1118 Sic

185 1144 415 1228 uniusquisque
446 1140 551 1207 babet·
577 1153 707 1220 errata,
739 1140 842 1206 lrabet
868 1137 992 1206 multos
1021 1157 1162 1204 naevos.

184 1227 352 1296 Diabolus
374 1222 635 1315 iniipit'rnorsus
663 1239 814 1308 atroces,
843 1240 880 1292 nt
905 1221 1054 1311 impellat
1082 1222 1164 1290 mul-

182 1329 238 1384 tos
259 1317 294 1382 in
316 1315 589 1401 desperationem.
623 1313 748 1380 Contra
765 1316 863 1380 istam
885 1313 1099 1378 tentationem
1120 1312 1165 1376 de

116 1445 118 1449 ‚
182 1401 409 1490 magnitudine
429 1398 570 1467 alicuius
587 1397 732 1487 peccati,
750 1399 903 1467 Christus
925 1418 970 1484 op
994 1399 1065 1463 unit
1085 1418 1165 1463 con·

183 1488 400 1556 solationem:
422 1488 493 1567 Quo
506 1488 581 1568 plus
602 1488 662 1550 titt
681 1491 866 1560 remetitur,
885 1507 921 1548 co
1035 1483 1163 1566 nupta:

183 1596 224 1644 eo
247 1576 355 1663 magis
383 1576 492 1640 cernis
515 1575 773 1661 magnitudinem
795 1572 1046 1641 misericordiae
1066 1570 1143 1638 Dei.

270 1697 411 1780 Semper
431 1696 591 1761 debemus
607 1696 798 1761 meminisse
812 1694 914 1762 huius
931 1693 1024 1759 dicti:
1048 1691 1165 1754 Gratia

186 1784 335 1845 emtbcrat
363 1802 461 1864 supra
489 1790 664 1864 peccatum.
720 1781 861 1867 Semper
886 1783 930 1846 ita
960 1779 997 1844 fit
1027 1775 1162 1845 collatio

183 1869 314 2022 peccati
337 1880 369 1933 et
392 1870 520 1955 gratiae
542 1870 576 1933 in
598 1868 785 1954 Scriptura,
802 1881 839 1935 ut
852 1867 961 1956 gratia
977 1867 1021 1930 sit
1031 1865 1162 1931 victrix.

212 1956 223 2020 i
254 1965 369 2021 essent
395 1950 568 2043 aequalia,
600 1966 776 2108 peccatum
808 1964 842 2020 et
874 1953 1001 2042 gratia:
1033 1953 1064 2017 si
1095 1970 1163 2017 non

183 2043 305 2125 rictrirr
323 2052 416 2107 esset
462 2042 566 2121 ratis,
629 2039 755 2106 hristus
777 2038 903 2106 frustra
931 2039 1096 2117 venisset,
1131 2049 1164 2104 et

185 2139 277 2194 esset
297 2127 410 2194 lutura
431 2064 533 2194 (lubia
555 2129 704 2194 victoria.
744 2126 814 2193 Sed
835 2124 960 2193 Paulus
983 2126 1062 2191 dicit
1082 2144 1163 2190 essa

182 2214 285 2280 talem
306 2214 489 2293 victoriam,
503 2226 541 2279 ut
561 2217 722 2281 exuberet
742 2235 845 2300 supra
866 2224 1051 2300 peccatum.
1094 2208 1163 2278 De-

182 2302 300 2367 bemus
323 2301 474 2387 cogitarc
495 2297 621 2367 nullum
638 2312 764 2366 tanturn
783 2321 861 2366 esse
878 2309 1066 2384 peccatum,
1083 2298 1162 2384 quin

181 2384 285 2469 Filius
306 2385 371 2452 Dei
392 2387 437 2453 sit
457 2387 573 2453 maior.
616 2386 677 2454 Eat
699 2384 901 2454 contumelia
922 2385 1086 2450 adversus
1108 2381 1162 2449 Fi·

181 2470 261 2539 lium
280 2473 365 2552 net,
388 2475 550 2561 cogitare,
571 2475 661 2562 quod
683 2472 809 2542 nullum
830 2483 1006 2558 peccatum
1027 2472 1072 2537 sit
1093 2491 1161 2536 ma·

181 2561 235 2627 ius
258 2557 441 2626 Filioliei.
484 2560 578 2629 llaec
599 2571 652 2626 est
673 2562 738 2627 ista
760 2557 868 2629 dulcis
888 2559 1042 2639 historie,
1063 2576 1162 2644 quam

181 2644 282 2712 bodie
302 2644 422 2734 legite,
456 2659 489 2713 et
510 2648 699 2714 exuscitate
720 2668 783 2714 ros
805 2649 906 2715 etiam
926 2647 970 2713 ad
992 2646 1162 2733 poeniten·

182 2733 279 2811 tiana,
300 2733 415 2813 iidem,
438 2745 471 2799 et
491 2734 746 2801 invocationem.

133 3158 137 3164 ’
247 3125 486 3195 EXGERPTA
505 3127 570 3195 EX
590 3127 862 3200 nflnnsonns
883 3124 1091 3197 antonum

144 3245 154 3262 '
553 3247 791 3318 ANNORUM.

766 242 769 247 ,
823 164 935 238 Pntt.
959 163 1064 237 nint.
1084 164 1276 240 sontem
1295 168 1563 240 menna

1215 362 1306 428 tiam
1339 359 1519 429 Monaeses
1540 359 1602 429 suit
1624 360 1743 450 impius
1760 320 1840 443 lex,
1863 364 1985 431 occidit
2005 366 2203 452 propbetas,

1216 444 1400 513 immolavit
1421 445 1528 529 lilios,
1554 449 1671 517 babuit
1697 448 1871 515 horribilia
1898 461 2050 537 peccata:
2080 465 2203 537 postea

1217 545 1270 600 est
1291 534 1456 600 abductus
1479 537 1633 621 captivus
1655 539 1699 603 ab
1721 534 1886 603 hostibus.
1920 536 1983 602 llla
2003 558 2124 624 magna
2146 561 2201 606 ca-

1215 618 1349 685 lamitas
1382 631 1415 685 et
1446 624 1582 707 propria
1611 633 1644 688 et
1676 623 1799 710 regni,
1819 620 1882 689 init
1910 625 2106 710 castigatio,
2135 647 2202 711 qua

1215 706 1277 773 tuit
1298 708 1487 775 admonitus
1511 710 1553 774 de
1572 711 1624 776 ira
1641 709 1719 790 Dei,
1740 720 1774 774 et
1795 711 1986 777 admonitus
2010 712 2121 794 coepit
2143 734 2202 776 ex·
2293 736 2300 748 ·

1215 813 1426 943 timi.
1447 792 1754 964 mm
1788 796 2200 952 ᾒῗῗἯωοῗῶἝ

1218 966 1278 1033 cit:
1301 968 1391 1053 quod
1412 968 1488 1034 ideo
1510 971 1693 1058 mstigetur
1713 966 1887 1050 Ecclesia,
1908 982 1945 1036 at
1968 982 2196 1038 convertatur.

1215 1049 1294 1118 Non
1315 1065 1369 1119 est
1391 1055 1622 1140 cogitandum,
1648 1053 1726 1122 Deo
1752 1053 1888 1142 placere
1914 1052 2007 1122 illam
2029 1053 2199 1124 carnalem
2257 1085 2258 1088 ¹

1215 1141 1446 1213 securitatem,
1480 1143 1742 1221 contumaciam,
1775 1143 1949 1209 insaniam.
2006 1141 2068 1208 nst
2090 1140 2199 1224 furor,

1196 1246 1283 1292 .nou
1317 1226 1440 1294 babere
1473 1226 1616 1315 aliquem
1648 1248 1785 1295 sensum
1819 1230 1947 1294 timoris
1980 1240 2014 1294 at
2051 1232 2199 1315 pavoris,
2292 1288 2296 1297 .

1215 1332 1291 1379 cum
1312 1313 1377 1379 ista
1400 1316 1524 1381 misera
1543 1325 1664 1382 natura
1685 1328 1753 1382 tam
1773 1312 1939 1401 profunde
1960 1335 2072 1381 mersa
2093 1317 2138 1382 sit
2162 1318 2198 1382 iu

1213 1402 1373 1485 peccans.
1418 1398 1690 1468 Circumferimus
1711 1413 1778 1468 tam
1801 1399 1906 1468 multa
1926 1415 2065 1488 peccata
2087 1403 2120 1469 iu
2141 1423 2199 1469 na·

1214 1498 1309 1567 tura,
1341 1484 1479 1554 multam
1504 1486 1677 1577 caliginis,
1709 1486 1830 1555 multas
1859 1485 1966 1554 malus
1989 1509 2031 1556 cu
2054 1490 2197 1569 iditates,

1216 1569 1339 1639 multos
1367 1574 1509 1641 vitiosos
1538 1587 1664 1658 motus,
1699 1586 1870 1642 ettamen
1892 1596 1960 1639 uon
1983 1596 2026 1641 ve
2093 1596 2197 1662 agno-

1215 1679 1312 1727 scere
1339 1662 1421 1725 iram
1450 1660 1514 1728 na
1541 1662 1706 1728 aduam
1833 1673 1885 1743 ta,
1911 1672 1965 1727 est
1985 1663 2106 1748 iugens
2127 1683 2198 1728 ma·

1187 1694 1295 1840 llum.
1339 1745 1464 1814 Paulus
1485 1752 1634 1814 nominat
1655 1747 1697 1814 ad
1749 1745 1846 1833 phes.
1868 1748 2068 1832 ἀναλγησίαν,
2086 1746 2198 1834 qualis

1215 1835 1321 1898 estin
1343 1832 1413 1913 bis,
1447 1835 1504 1920 qui
1526 1846 1605 1901 sunt
1626 1836 1699 1901 siue
1722 1833 1856 1916 dolore,
1880 1836 1937 1922 qui
1959 1833 2052 1903 uullo
2076 1833 2194 1902 tlolore

1214 1915 1407 1987 alliciuntur
1429 1933 1566 2006 propter
1588 1942 1650 1991 sna
1667 1932 1823 2009 peccata.

1325 2270 1397 2365 An
1427 2283 1630 2357 mereatur
1660 2271 1812 2384 aliquid
1844 2267 2075 2403 Cominio?

1300 2487 1463 2558 Contritio
1496 2512 1564 2558 non
1596 2502 1743 2558 meretur
1775 2491 2005 2559 remissionem
2037 2504 2196 2578 peccatu·

1211 2597 1294 2644 rum
1339 2576 1491 2658 Videtis,
1515 2589 1657 2666 quantus
1680 2576 1777 2645 dolor
1798 2577 1952 2645 fueritin
1974 2579 2072 2660 luda5
2094 2600 2197 2665 quan·
2296 2648 2298 2653 ,

1212 2664 1323 2730 tus-in
1343 2662 1464 2732 Saule:
1492 2666 1569 2732 dem
1592 2685 1635 2731 ue
1660 2667 1695 2733 in
1725 2667 1897 2748 omnibus,
1929 2667 2198 2753 quandocunque

1212 2686 2197 2909 tuimet...

1601 2886 1613 2920 ‚
1886 2879 1889 2887 .

1210 2925 1342 2991 sionem
1362 2939 1581 3012 peccatorum
1606 2937 1661 2993 est
1682 2925 1788 2992 solius
1809 2925 1961 2994 Fuitnei
1982 2929 2197 2996 beneficium:

1212 3022 1267 3078 est
1286 3012 1354 3079 hoc
1377 3013 1518 3093 bonum,
1543 3015 1636 3100 quod
1663 3015 1737 3100 ipse
1758 3034 1821 3080 sua
1842 3024 1974 3096 morte,
1998 3036 2064 3082 suo
2092 3016 2198 3082 sacri·

1212 3097 1291 3165 licio
1323 3100 1443 3165 meruit
1475 3101 1590 3188 pareri
1618 3101 1780 3167 bumana.
1834 3099 1976 3167 Frustra
2003 3104 2103 3169 edam
2130 3102 2198 3171 boo

1212 3185 1416 3271 erigitur,ut
1431 3188 1586 3253 contritio
1605 3189 1649 3254 sit
1664 3186 1858 3265 embricum
1876 3189 1957 3274 quia
1973 3187 2068 3255 nulla
2082 3201 2199 3276 potest

1204 3291 1292 3338 esse
1325 3269 1515 3341 sufficiens:
1547 3284 1601 3355 et,
1629 3275 1664 3340 si
1694 3286 1869 3341 cresceret
1898 3276 1973 3341 sine
1996 3277 2083 3357 tide,
2115 3288 2197 3343 tunc

1209 3357 1315 3425 borno
1337 3360 1603 3450 extingueretur3
1631 3371 1686 3442 ut,
1711 3361 1746 3427 iu
1764 3360 1850 3427 -lutia
1872 3364 1996 3428 urescit
2016 3365 2092 3430 sine
2112 3362 2196 3430 lide:
2267 3393 2273 3407 ·

269 3418 456 3489 Conversio
490 3435 543 3488 est
575 3424 737 3512 quaedam
765 3423 921 3504 mutatio,
953 3424 987 3489 in
1014 3444 1084 3510 qua
1105 3443 1163 3489 ne-
1210 3454 1248 3510 0,
1268 3442 1327 3512 {110
1342 3441 1445 3515 0010,
1466 3447 1527 3515 sup
1547 3448 1812 3516 mmmm,
1830 3458 2002 3517 mmm,

183 3519 374 3587 cesseest,
396 3510 484 3576 sicut
505 3510 539 3575 in
562 3508 799 3592 calefactione,
821 3511 894 3577 fleri
916 3511 1072 3576 diversos
1092 3529 1163 3575 mo·

178 3602 425 3748 ἲῐίιιεεθῐιὲεωπο
451 3606 505 3662 est
532 3616 613 3663 esse
639 3597 937 3665 mortificationem
953 3609 987 3664 et
1012 3595 1162 3664 vivitica-

207 3700 250 3747 on
306 3727 315 3747 .

269 3798 393 3890 Aliqua
411 3804 566 3875 conuitio
578 3805 781 3871 'necessaria
803 3818 856 3872 est
883 3807 956 3871 sine
977 3801 1049 3871 ulla
1069 3805 1164 3872 dubi·

183 3889 324 3955 tationes
347 3890 425 3976 quia
446 3888 542 3959 Deus
570 3888 643 3958 vult
669 3884 771 3958 intelli
797 3894 824 3970 '‚
852 3902 886 3958 et
912 3893 1053 3979 agnosci
1078 3892 1162 3958 iram
1196 3910 1201 3919 ·

181 3994 277 4041 suam
309 3976 474 4043 adversus
507 3990 681 4065 peccatum
708 3981 742 4045 in
799 3977 935 4045 cclesia.
990 3978 1067 4049 Non
1090 3977 1163 4045 vult

181 4079 246 4127 nos
270 4061 382 4128 virere
403 4063 437 4128 in
460 4076 546 4143 tetra
566 4064 764 4147 secudtate,
796 4076 830 4131 et
856 4064 1069 4153 neglectione
1090 4065 1162 4132 irae

181 4167 282 4228 snae,
303 4148 395 4214 iuxta
414 4146 511 4218 illoti:
533 4150 701 4215 chrittom
722 4155 768 4215 eir
785 4160 921 4234 monto
941 4173 1012 4232 erto,
1034 4153 1075 4214 da
1095 4155 1160 4235 qui·

180 4231 238 4295 bru
259 4232 448 4301 amaeam.
491 4235 574 4304 Vult
593 4241 628 4306 in
648 4241 747 4305 nobis
769 4259 847 4306 esse
869 4235 1014 4326 aliquam
1032 4236 1162 4305 Conni·

176 4319 320 4405 'tionem3
350 4321 471 4403 idest,
496 4321 641 4476 alitfflcrn
663 4322 813 4392 dolorem
833 4335 1065 4413 et‘pavorem:
1092 4346 1161 4392 non

171 4404 253 4474 'vult
275 4426 339 4473 nos
358 4409 472 4476 vivere
485 4409 527 4474 'in
586 4433 606 4477 a
627 4413 804 4479 barbarica
825 4415 1023 4492 securitate,
1043 4413 1079 4477 in
1098 4409 1159 4478 illo

180 4504 375 4581 contemptu
407 4506 442 4563 et
474 4493 632 4584 neglectu
659 4500 733 4566 'irae
765 4514 863 4576 suae,
892 4494 1008 4588 qualis
1041 4509 1095 4565 est
1117 4499 1160 4565 iu

178 4579 298 4669 impiis.
352 4581 394 4649 Et
425 4593 605 4733 propterea
636 4582 792 4654 Ecclesia
818 4588 968 4676 inprimis
1001 4597 1160 4654 oneratur

177 4665 369 4756 lugentibus
390 4691 430 4735 ca
446 4668 649 4752 amitatibus,
671 4685 708 4738 ut
729 4675 983 4764 magisbogltet
1001 4674 1159 4742 iudicium

179 4763 214 4819 et
234 4755 318 4822 iram
339 4755 589 4823 Dei'adversu's
610 4771 795 4845 peceatum.

263 4874 420 4940 Iudicium
447 4900 468 4941 a
496 4877 590 4942 domo
618 4878 750 4943 Domini
769 4883 893 4964 incipet.
948 4881 1017 4946 lmo
1037 4899 1157 4947 omnes

178 4958 384 5031 calamitates
406 4965 440 5031 in
463 4978 589 5052 genere
610 4967 773 5047 humano,
795 4980 873 5035 sunt
893 4979 1158 5055 tamquam-car·

57 5046 61 5055 '
175 5067 236 5112 cer
265 5044 369 5137 legis,
404 5063 438 5117 ct
483 5064 590 5119 uenae
611 5062 845 5141 peccatorum,
873 5067 911 5123 'et
933 5048 1157 5122 commonefa-

26 5145 33 5154 “
170 5135 308 5202 ctione·
330 5137 372 5203 tle
392 5138 444 5205 ira
500 5140 614 5219 ci,'ut
639 5138 813 5208 retrabant
837 5150 903 5210 rios
923 5142 968 5208 ad
987 5144 1157 5229 poeniten·

1285 3834 1512 3922 Disorlmen
1542 3840 1696 3925 timoris
1726 3802 1867 3926 filialis
1887 3856 1930 3927 et
1959 3841 2122 3929 servilis

1297 4034 1387 4103 Utile
1407 4048 1461 4104 est
1483 4040 1805 4127 tenerepdiscrimen
1826 4044 1914 4108 inter
1935 4046 2090 4111 timorem
2110 4041 2194 4111 filia·

1210 4118 1287 4201 lem,
1310 4135 1343 4189 et
1364 4125 1516 4190 timorem
1538 4122 1706 4192 servilem.
1748 4127 1778 4192 -Τ
1779 4129 1863 4195 imur
1879 4128 2008 4211 illiciis,
2027 4142 2081 4197 est
2096 4132 2196 4197 timor

1210 4228 1285 4275 cum
1308 4208 1390 4287 {ider
1412 4209 1524 4276 Timor
1545 4206 1690 4286 servilis,
1713 4223 1767 4278 est
1787 4216 1887 4282 timor
1907 4216 1981 4282 sine
2002 4216 2078 4283 iide.
2112 4215 2195 4284 lllae

1210 4306 1289 4361 sunt
1309 4293 1543 4382 planissimae,
1567 4295 1846 4386 simplicissimae,
1867 4313 1902 4367 et
1923 4304 2136 4390 perspicuae,
2160 4314 2195 4371 et

1208 4377 1359 4449 illustres
1382 4384 1636 4469 descriptiones.
1690 4384 1728 4453 ln
1746 4380 1883 4453 ‘Daritis
1910 4401 1965 4457 est
1988 4409 2132 4479 magnus
2154 4395 2194 4457 ti·
2290 4384 2296 4392 ’

1208 4489 1301 4549 mor,
1322 4482 1446 4557 magna
1467 4472 1711 4552 consternatis,
1732 4492 1877 4560 magnus
1891 4496 2029 4562 pavor,
2059 4476 2194 4564 quanto

1209 4556 1359 4644 arguitur
1386 4576 1407 4621 a
1431 4552 1582 4634 liutbam
1615 4555 1718 4626 multo
1745 4562 1868 4642 maior,
1902 4562 2037 4648 quaudo
2083 4561 2194 4632 ellitur

1207 4642 1243 4709 in
1265 4636 1416 4719 exilium3
1445 4643 1507 4708 sed
1531 4643 1634 4710 vincit
1659 4643 1749 4711 bunc
1770 4643 2022 4716 doloremiltle.
2060 4658 2065 4677 ³
2093 4650 2193 4716 inon

1180 4735 1186 4792 t
1207 4738 1455 4796 sustentaretur
1475 4729 1511 4794 in
1531 4726 1588 4794 nlo
1605 4732 1729 4817 gemitu
1745 4730 1958 4801 inenarralilli
1965 4732 2087 4824 aliqua
2103 4736 2193 4807 scin·

1207 4806 1317 4883 tiliula
1336 4812 1433 4896 iidei,
1456 4816 1716 4904 extingueretur.
