4620 5588
161 217 228 289 sar
802 222 915 290 rau.
938 221 1040 290 uas.
1063 222 1253 293 scatere
1275 226 1541 298 anserice.
1731 216 1736 229 “
2116 239 2184 307 aas
2283 298 2296 305 -

162 411 255 477 brasi
290 420 414 475 vocant
444 418 570 494 namra,
603 412 701 477 etiam
734 411 850 477 marie.
901 412 1064 499 Stagnum
1093 428 1146 480 est
1169 417 1175 489 i
1196 429 1310 487 servet
1346 415 1545 486 Ecclesiam.
1610 421 1695 488 Nam
1734 427 1922 492 testimonia
1960 429 1994 492 in
2026 425 2182 499 Ecclesia

156 517 250 584 aqua
272 509 378 563 stans.
423 496 634 562 Genezareth
662 495 745 564 alias
775 500 874 563 etiam
908 501 1028 566 dicitnr
1056 501 1144 564 Cine-
1168 498 1173 583 ξ
1196 504 1295 569 etiam
1317 504 1384 571 hoc
1407 507 1701 593 comprehendunt,
1734 514 1824 596 quod
1846 511 1940 579 Deus
1975 511 2055 581 velit
2081 519 2181 582 etiam

160 583 240 657 reth,
270 603 356 670 quae
387 604 455 650 vox
489 584 655 670 siguificat
688 584 861 650 citharam.
928 586 996 654 Sed
1030 599 1143 672 potest
1195 590 1229 653 in
1251 587 1317 656 lrac
1339 593 1405 658 vita
1438 612 1575 661 servare
1597 594 1795 662 Ecclesiam.
1861 588 1956 667 Sidus
1988 598 2073 667 alias
2100 603 2181 669 diel-

159 689 240 738 esse
270 691 292 736 a
326 669 408 744 (ded,
443 671 476 735 id
510 683 573 751 est,
606 682 713 750 terra,
757 686 791 737 et
823 693 930 752 naor,
975 672 1144 740 surculus.
1168 692 1173 742 t
1197 686 1275 756 tur,
1296 699 1357 745 cur
1389 682 1556 765 promissa
1589 683 1655 748 sint
1687 685 1786 749 etiam
1820 685 1910 752 houa
1942 685 2133 774 corporalia
2160 709 2182 754 a

158 757 259 843 Aqua
291 757 325 822 in
363 757 429 822 hoc
461 754 538 823 lacu
557 755 619 824 fuit
653 757 787 843 limpida
809 770 842 824 et
864 760 960 825 ferax
991 762 1143 846 piscium.
1168 760 1172 836 l
1195 759 1283 831 Deo'.

160 843 261 947 (lires
278 842 373 911 illum
384 840 504 923 houm,
516 844 706 911 habitarunt
718 843 874 934 Apostoli
888 858 924 915 ut
945 848 1143 934 piscatores.
1167 848 1172 959 j
1283 849 1466 919 Promissio
1490 854 1532 918 de
1553 852 1678 920 Massia
1701 856 1850 922 continet
1871 857 2099 965 pripcipeliter
2120 862 2180 967 bo·

1193 941 1518 1131 certarunt
1538 941 1860 1009 ¹¹
1891 948 2183 1140 ‘tettae

155 1263 235 1348 De
278 1263 415 1349 Prin
431 1263 618 1375 cipali
659 1265 789 1349 loco
822 1266 1142 1352 doctrinae
1167 1260 1170 1321 t
1192 1122 1339 1351 lleoffill
1355 1111 2182 1356 3lllli⁰llqgllllfflssnl‘glls¹llll’mlnhtlllmm'llntl:

72 1368 75 1372 Δ
1167 1301 1345 1419 ,senetur
1418 1306 1457 1352 es
1503 1308 1524 1351 n
1580 1308 1622 1352 ac
1655 1300 1734 1369 uta,
1804 1303 2024 1376 aperturus
2058 1307 2113 1359 est
2145 1295 2181 1360 in

345 1419 354 1438 .
903 1423 912 1440 .
1194 1372 1283 1440 omni
1305 1375 1520 1453 aeternitate,
1544 1371 1611 1453 vel,
1632 1385 1669 1441 ut
1680 1374 1838 1441 iohannis
1860 1376 1893 1457 3.
1915 1379 2011 1445 dicits
2036 1380 2098 1456 Qui
2117 1400 2181 1443 non

343 1449 400 1503 ln
457 1421 565 1503 h⁰⁰
619 1419 697 1503 EV
711 1451 736 1506 a
749 1450 820 1534 ng
835 1421 965 1506 01¹⁰·
1166 1431 1174 1554 l
1193 1460 1296 1523 credit
1316 1463 1351 1521 in
1372 1459 1498 1540 Filium,
1525 1462 1589 1521 iam
1622 1461 1844 1526 coadcnmatua
1869 1472 1928 1527 ert.
1977 1465 2071 1543 ltenr,
2096 1466 2182 1530 Esto

1189 1545 1296 1630 fidelis
1311 1566 1408 1628 usqae
1429 1546 1474 1608 cd
1494 1554 1634 1626 mortcru,
1663 1555 1694 1610 et
1716 1548 1801 1611 dudo
1829 1550 1892 1612 stat
1913 1571 2061 1614 coronam
2081 1557 2181 1619 ottae.

242 1652 419 1720 Caeterum
442 1651 641 1740 exemplum,
662 1656 752 1742 quod
771 1657 805 1722 in
826 1657 968 1724 historia
991 1660 1141 1744 istapro·
1193 1631 1238 1699 Ut
1259 1633 1362 1736 ldlfuf
1391 1633 1435 1697 δὴ
1466 1630 1644 1714 E⁰0l²⁸l³s
1679 1635 1798 1702 dantur
1831 1637 1929 1703 ellam
1961 1638 2125 1707 beneficia
2143 1641 2181 1706 ln

154 1742 301 1828 ponitur,
321 1738 487 1808 referatur
508 1743 552 1807 ad
573 1762 778 1809 communem
801 1745 987 1811 doctrinam
1017 1745 1060 1817 de
1081 1746 1142 1811 mi·
1191 1719 1257 1826 ¹¹2⁰
1279 1731 1361 1825 urta,
1381 1719 1441 1784 ⁸⁸¹¹
1463 1720 1584 1785 ‘lamus
1604 1740 1680 1785 0⁰⁰¹
1702 1725 1901 1826 θΧῖθΡῑῑθῐὶθ
1922 1724 2033 1790 efficis
2056 1736 2090 1792 et
2126 1745 2182 1792 θα·

154 1826 292 1896 mentis.
1191 1817 1393 1893 strgatroms.
1439 1804 1593 1878 Quantae
1615 1820 1694 1873 sunt
1715 1829 1833 1875 rumas
1889 1812 2000 1876 eneris
2032 1809 2182 1893 humani,

1192 1904 1225 1959 et
1246 1904 1357 1957 tamen
1376 1892 1462 1956 inter
1479 1887 1554 1957 illas
1567 1894 1719 1959 miserias
1738 1907 1854 1962 servat
1899 1915 1960 1962 eus
1978 1894 2181 1981 Ecclesiam,

1190 1991 1225 2046 et
1247 1989 1361 2043 servat
1372 1988 1582 2064 quassatam
1604 1980 1682 2064 quia
1693 1978 1850 2049 Ecclesia
1870 1984 1970 2048 etiem
1993 1987 2181 2071 sentitpar·

1190 2076 1258 2133 tem
1269 2060 1398 2130 illarum
1420 2062 1656 2132 calamitatum.
1686 2065 1799 2130 Wenar
1819 2069 1926 2132 tdcuer
1935 2070 2028 2142 atra,
2045 2073 2181 2150 cerulea

153 2178 272 2284 Quae
301 2190 364 2262 est
392 2180 620 2264 eommunis
661 2179 845 2264 doetrinr
882 2179 935 2264 de
963 2183 1138 2269 miracn-
1163 2148 2181 2327 ·ttt‘tnif⁸tt⁰.i⁸.tt.hltt⁸stillaticia?

151 2335 209 2442 lig,
244 2363 394 2447 quaere
418 2333 649 2440 recitantur,
679 2347 722 2419 et
751 2363 876 2446 quare
901 2335 1010 2422 facta
1025 2338 1138 2424 sunt?
1190 2344 1308 2391 uorum
1332 2320 1564 2407 corporalium.
1610 2323 1693 2390 Vult
1726 2327 1807 2394 sciri
1833 2350 1951 2396 omnes
1983 2331 2180 2436 prpmissio·

109 2480 112 2484 .
412 2446 416 2454 ·
1190 2432 1250 2479 nes
1284 2408 1479 2494 corporales
1522 2407 1717 2476 referendas
1750 2433 1829 2480 esse
1876 2417 1919 2482 ad
1958 2416 2179 2502 spiritualem:

1175 2499 1269 2584 .quia
1290 2509 1429 2584 propter
1457 2495 1627 2575 Christum
1658 2519 1777 2566 omnes
1810 2503 2050 2584 promissiones
2083 2517 2180 2572 ratae
2247 2517 2250 2522 '

239 2586 393 2663 Quatuor
413 2601 494 2653 sunt
515 2606 668 2655 caussae,
697 2587 822 2667 Prima,
845 2599 882 2655 ut
904 2591 972 2657 sint
991 2591 1140 2657 testimo.
1190 2595 1282 2664 sunt,
1305 2595 1339 2650 et
1371 2584 1494 2650 debent
1528 2604 1605 2650 esse
1637 2585 1978 2655 commonefactiones
2011 2591 2054 2656 de
2079 2592 2180 2677 spiri·

152 2675 243 2744 ulum
266 2676 308 2742 de
340 2675 506 2754 doctriua,
538 2677 628 2762 quod
661 2675 819 2741 divinitus
848 2694 890 2739 ea
922 2677 967 2743 sit
997 2679 1140 2759 tradita,
1189 2669 1512 2755 tuallpromlsslone·
1535 2669 1782 2744 Quandodicisz
1795 2674 1915 2741 Panem
1932 2680 2179 2761 nodnmqaoti·

151 2761 185 2830 E.
208 2772 246 2829 ut
266 2762 335 2827 sint
355 2762 614 2847 promissionum
626 2761 830 2843 testimoniet
852 2760 883 2828 3.
902 2774 940 2830 ut
951 2765 1019 2830 sint
1030 2785 1140 2831 exem·
1191 2757 1318 2820 dranum
1341 2757 1384 2820 (ὼ
1412 2757 1503 2820 ΜΝ*
1528 2756 1639 2841 'immi
1671 2759 1914 2830 Slflllffl'dssbes
1937 2763 2179 2851 ⁰⁰ssll810=132

150 2844 210 2935 pla
231 2845 480 2934 applicationis3
502 2859 539 2913 ut
560 2849 628 2914 sint
648 2849 849 2927 testimonia,
871 2850 962 2934 quod
982 2847 1159 2916 illehles·
1190 2847 1312 2921 remilla
1332 2842 1423 2907 ”⁰⁶5⁸
1454 2844 1562 2907 motta
1582 2852 1712 2922 ”mitat
1747 2847 1825 2933 quia
1846 2847 1940 2916 Dens
1964 2850 2022 2917 dat
2041 2871 2175 2941 panem,

150 2936 222 3002 sias
254 2937 298 2999 sit
325 2935 437 3000 victor
470 2936 599 3013 mortis,
632 2936 677 2999 sit
709 2934 932 3020 omnipotens,
965 2938 1009 3003 sit
1030 2935 1137 3004 Deus.
1190 2941 1227 2998 ut
1248 2932 1292 2997 sit
1313 2932 1496 2997 membrum
1514 2926 1701 2998 Ecclesiae.

150 3020 223 3089 Has
243 3032 388 3108 quatuor
409 3039 553 3087 caussas
565 3022 732 3109 cogitetis,
754 3042 829 3086 cum
839 3019 951 3110 legitis
962 3021 1140 3100 miracula3
1277 3017 1403 3098 Tertio,
1431 3015 1597 3084 Miracula
1618 3029 1770 3084 monent·
1784 3021 1826 3086 de
1854 3017 2078 3108 applicatione
2098 3043 2176 3110 pro·

150 3108 230 3195 qula
250 3119 348 3193 potes
372 3108 483 3173 mirari
505 3106 639 3194 aliquis,
661 3105 779 3195 quales
801 3108 869 3174 sint
889 3105 965 3175 libri
986 3108 1139 3197 Evange·
1190 3105 1371 3172 missionis.
1434 3103 1508 3172 Huc
1545 3107 1690 3190 pertinet
1729 3106 1882 3173 doctriua
1910 3122 2028 3177 contra
2057 3135 2176 3198 προςω-

147 3193 216 3262 lici.
239 3193 394 3261 Recitant
414 3190 586 3275 miracula,
604 3214 673 3261 non
695 3196 838 3262 recitant
859 3194 983 3263 multas
1006 3200 1138 3264 concio·
1190 3199 1360 3278 arreptor,
1393 3191 1426 3258 id
1460 3201 1523 3270 est,
1556 3193 1787 3279 acceptionem
1819 3213 2053 3281 personarum,
2087 3218 2179 3285 quae

148 3298 211 3348 nes
232 3278 288 3347 vel
308 3291 503 3368 praecepta,
526 3283 615 3350 sicut
635 3280 673 3346 fit
689 3282 724 3347 in
745 3279 965 3369 Philosophia
986 3282 1116 3350 morali.
1191 3291 1243 3346 est
1274 3281 1356 3345 dore
1389 3276 1541 3364 aequalia
1568 3275 1811 3367 inaequallbus.
1871 3280 1948 3348 Noa
1982 3295 2109 3371 tantum
2142 3285 2196 3363 ln,

176 3374 179 3381 '
235 3367 311 3433 Sint
332 3369 433 3456 igitur
453 3380 554 3435 notae
573 3369 641 3434 hae
662 3387 808 3435 caussae
830 3371 995 3437 omuibus.
1028 3370 1138 3436 Prima
1189 3365 1409 3431 concionibus
1431 3366 1518 3430 suis·
1536 3367 1602 3453 sed,
1625 3368 1723 3432 edam
1754 3368 1790 3432 in
1822 3365 1992 3435 miraculis
2020 3372 2176 3439 omnibus

148 3474 273 3522 caussa
296 3468 360 3534 est,
382 3467 418 3520 ut
439 3455 507 3521 sint
525 3456 716 3522 testimonia
737 3457 922 3539 doctrinae,
945 3458 1023 3544 quia
1039 3455 1135 3523 Deus
1187 3453 1308 3538 recipit
1329 3449 1484 3527 Christus
1515 3456 1720 3538 omnesqui
1743 3451 1948 3521 offeruntur.
1990 3454 2068 3522 Non
2089 3454 2175 3527 lacit

147 3540 220 3610 vult
240 3540 430 3609 Ecclesiam
456 3555 586 3627 ¹certam
618 3562 711 3623 esse,
765 3544 832 3608 uod
865 3542 951 3610 haec
983 3544 1135 3610 doctriua
1188 3539 1366 3606 discrimen
1388 3541 1473 3602 inter
1484 3538 1625 3604 ludaeos
1637 3549 1670 3603 et
1680 3551 1799 3626 gentes
1806 3564 1816 3617 ς
1835 3542 1955 3627 recipit
1971 3545 2175 3631 meretrices,

146 3631 191 3696 sit
212 3630 255 3694 ab
277 3629 351 3714 ipso
374 3629 507 3709 tradita,
530 3630 742 3715 quamhabet
768 3626 928 3695 molesia:
952 3628 1024 3697 vult
1047 3632 1136 3696 scire
1185 3622 1349 3703 latrones,
1363 3625 1541 3690 sedtamen
1552 3626 1585 3689 in
1597 3620 1676 3703 illis,
1687 3628 1909 3713 quosreoipit,
1967 3627 2172 3698 stulstCoo·

148 3716 338 3782 distinctam
362 3734 441 3780 esse
469 3714 559 3782 hanc
588 3715 784 3795 doctrinam,
817 3738 844 3791 a¹
871 3718 1024 3784 doctrina
1056 3714 1136 3782 Eth-
1186 3714 1376 3779 versionem
1388 3723 1422 3777 et
1432 3710 1557 3778 Fidem.
1571 3710 1717 3777 Servant
1726 3712 1843 3780 hanes
1886 3736 1908 3781 u
1944 3714 2173 3786 ‘tatemDeust

146 3805 235 3882 nica,
260 3813 293 3869 et
309 3800 498 3868 Ecclesiam
511 3803 634 3868 debere
646 3821 725 3868 esse
736 3815 950 3888 segregatam
971 3806 1014 3871 ab
1030 3804 1134 3870 omul-
1184 3810 1360 3884 peccatum
1370 3800 1404 3863 in
1415 3801 1569 3864 omnibus
1578 3800 1874 3866 damuatuniverss
1886 3802 1961 3868 lter.
1972 3801 2174 3891 ld'congruit

146 3891 211 3956 bus
234 3891 554 3976 congregationibus
574 3888 738 3954 Ethnicis.
783 3888 923 3974 Semper
944 3901 1056 3957 autem
1077 3892 1134 3956 de
1184 3887 1330 3952 iustitiae
1352 3885 1427 3966 Dei,
1446 3896 1485 3951 ut
1507 3886 1642 3951 damnet
1662 3899 1839 3970 peccatum
1851 3899 1885 3953 et
1894 3889 2032 3954 damnet
2047 3908 2182 3977 aequa·¹

148 3979 266 4043 bemus
290 3978 411 4041 intueri
443 3973 633 4049 Ecclesiam
656 3973 833 4054 visibilem,
866 3977 900 4039 in
934 3998 1001 4062 qua
1033 3987 1134 4043 sonat
1183 3971 1261 4037 liter
1283 3973 1315 4036 in
1338 3973 1504 4051 omnibuS,
1526 3992 1595 4037 non
1616 3973 1722 4058 parcit
1743 3972 1883 4039 Danieli:
1902 3974 2084 4054 &denset
2103 3981 2172 4040 reia

145 4080 213 4128 vox
235 4065 269 4127 in
293 4075 452 4146 corrupte
473 4061 660 4148 Evangelii,
684 4073 719 4127 ut
740 4080 843 4145 saepe
865 4062 996 4128 auditis.
1185 4056 1402 4136 adulterium,
1424 4057 1528 4140 pleich
1549 4079 1585 4119 so
1608 4057 1671 4119 scol
1690 4057 1741 4120 als
1761 4057 1993 4148 Tyrannorum
2026 4081 2169 4146 qnorum

232 4150 389 4215 Secunda
411 4169 545 4227 caussa,
567 4161 647 4214 sunt
663 4148 850 4213 testimonia
860 4149 1131 4233 promissionum.
1186 4166 1330 4232 cunque.
1375 4143 1438 4210 Est
1460 4155 1570 4210 autem
1604 4145 1804 4212 constitutus
1826 4144 1916 4213 lilius
1937 4146 2104 4214 hlediator
2136 4160 2172 4215 et

144 4231 330 4300 Promissio
353 4236 394 4300 de
416 4235 666 4301 hiessia‘dicit:
694 4235 835 4316 Spiritus
856 4234 1010 4298 Dohdnus
1038 4257 1133 4318 super
1185 4234 1397 4319 deprecator,
1416 4243 1450 4298 et
1466 4232 1512 4296 ibi
1524 4251 1643 4297 rursus
1654 4230 1837 4318 aequaliter
1849 4232 2016 4300 sehabet:
2039 4232 2169 4302 Omnes

145 4342 193 4384 me
244 4322 287 4386 ad
342 4323 600 4387 annuntiandum
657 4318 878 4407 Evangelium
934 4324 1022 4388 misit
1068 4344 1132 4388 me.
1184 4316 1417 4406 confugientes
1438 4319 1482 4383 ad
1500 4316 1616 4383 Filium
1638 4321 1842 4405 recipiuntur
1861 4316 2054 4407 aequaliter.

61 4434 65 4441 ·
144 4405 190 4474 Et
229 4409 320 4492 apud
357 4406 492 4474 Esaiam
534 4408 668 4475 dicitur:
714 4405 799 4470 Ecce
843 4407 980 4472 dilectur
1016 4429 1132 4492 reram,
1271 4439 1414 4507 comm²
1435 4438 1525 4500 Dm
1541 4438 1600 4501 da,
1620 4436 1763 4513 Danieli,
1786 4440 1901 4524 10,ῳή
1918 4414 1955 4505 '03
1976 4440 2052 4505 “1533
2073 4446 2171 4507 mm

141 4515 205 4579 Μ
233 4495 384 4557 ‘mmm'
435 4497 530 4571 Μ’
546 4493 728 4601 ,οἷίαΜ
803 4504 942 4559 ‘mmm
968 4517 1032 4559 ''⁰''
1060 4516 1130 4560 ⁶⁰²⁸·
1338 4548 1376 4589 rc
1398 4525 1486 4588 dono
1507 4547 1597 4609 quam
1615 4527 1675 4589 tibi
1681 4550 1693 4592 .·
1714 4529 1747 4592 id
1768 4537 1840 4606 est,
1861 4536 1955 4591 omont
1964 4527 2040 4592 illos
2053 4532 2173 4614 magno

136 4583 271 4664 frinpet.
339 4580 411 4646 Hae
448 4601 689 4665 promissiones
717 4602 755 4646 re
770 4593 906 4648 erantur
938 4602 1054 4648 omnes
1086 4583 1130 4650 ad
1339 4616 1498 4694 „pientia
1519 4616 1748 4689 „ag-duim,
1770 4614 1871 4678 mhi,
1893 4614 1938 4677 ad
1957 4615 2094 4698 Mam
2111 4638 2172 4700 μ,

142 4671 283 4755 primam
305 4669 575 4754 promissionem:
597 4669 706 4730 Sernen
717 4668 855 4731 nucheria
870 4669 1067 4732 conculcabit
1078 4690 1131 4732 ca·
1338 4699 1468 4761 bucam.

139 4765 201 4838 put
220 4757 389 4837 rerpmtir:
424 4754 458 4820 id
480 4765 545 4833 est,
574 4750 752 4820 Diabolum
776 4768 809 4820 et
838 4757 911 4822 eius
939 4758 1132 4842 potentiam,
1269 4785 1358 4869 &90
1379 4807 1443 4847 mm
1459 4746 1566 4849 'mm
1588 4786 1817 4868 mmmmm·

142 4840 237 4908 tollet
257 4854 436 4928 peccatum
459 4853 493 4906 et
514 4852 665 4919 mortem,
687 4851 722 4906 e‘t
743 4842 898 4907 restituet
919 4845 1018 4909 nobis
1036 4843 1131 4909 iusti·

142 4930 222 4995 tiam
243 4940 277 4994 et
300 4930 398 4994 vitam
431 4939 612 4994 aeternam.
656 4927 755 5002 Quod
788 4940 899 4994 autem
930 4930 1017 4996 haec
1050 4950 1130 4996 vere
1268 4923 1470 5009 Respondeo
1492 4926 1535 4990 ad
1553 4925 1783 4991 Antecedeus:
1805 4924 1903 4991 Deus
1919 4938 2169 5015 servataeque·

142 5013 236 5095 fiant,
258 5011 449 5082 declaratur
470 5016 504 5081 in
528 5013 727 5101 Evangelio,
756 5013 912 5082 videlicet
938 5015 1043 5083 filium
1063 5014 1130 5082 Dei
1181 5008 1308 5077 litatem
1339 5013 1375 5075 in
1407 5013 1528 5092 donis,
1561 5031 1648 5116 quae
1670 5011 1727 5077 dat
1766 5026 1903 5099 propter
1935 5014 2167 5093 ministerium,

141 5099 207 5167 Dei
229 5122 308 5168 esse
329 5104 478 5184 missum,
513 5115 545 5168 et
578 5103 771 5169 restitueret
795 5104 894 5169 nobis
917 5103 1075 5170 iustitiam
1097 5115 1131 5169 et
1182 5095 1257 5164 aliis
1278 5094 1383 5164 aliter.
1417 5096 1505 5171 Quia
1532 5118 1618 5164 emm
1639 5098 1822 5165 ministeria
1843 5097 2061 5181 multasset,
2082 5098 2167 5167 leoli

61 5288 64 5295 ι
141 5189 243 5256 vitam
263 5200 445 5257 aeternam.
489 5186 533 5257 Et
564 5189 658 5279 quod
687 5199 863 5276 praeterea
894 5188 930 5255 in
962 5190 1028 5256 hae
1061 5190 1131 5257 vita
1182 5185 1317 5252 diversa
1348 5203 1484 5273 organa
1540 5182 1683 5272 Oportet
1721 5182 1809 5252 alios
1848 5168 1931 5254 isse
1962 5184 2170 5273 bellatores}
