4620 5588
140 187 215 259 ata
788 180 1531 253 ruuutuuscawrsaxncsuos
2099 183 2174 267 su

153 397 247 457 carc,
275 377 427 443 irritare:
462 374 624 455 σκυλάκια,
658 381 777 458 aspen
807 377 972 442 iamdicta.
1022 370 1137 439 Plato:
1160 377 1165 466 ζ
1188 373 1252 438 bne
1270 373 1392 452 dubiis,
1414 373 1654 455 pertinentibus
1671 373 1715 440 ad
1733 375 2025 461 gubernationem
2045 375 2173 443 Pam

152 466 283 533 indocti
313 468 463 530 merant
493 466 675 545 doctrinas,
707 468 791 528 aaut
822 460 968 527 σκυλάκια
994 459 1137 547 iuxtim:
1159 475 1164 562 p
1188 461 1287 525 etiarn
1310 479 1384 525 eum
1406 461 1449 523 de
1471 460 1622 525 doctriua
1639 457 1809 528 ahocutus
1832 472 1896 527 cat.
2034 488 2038 495 ·
2116 507 2119 513 -

152 560 214 622 tate
235 550 290 617 dte
311 555 430 632 tuapett
450 551 603 614 bandinio
620 551 673 614 dte
688 552 818 631 lantpert
833 553 1033 614 menaea:
1053 549 1137 613 Lesa
2014 616 2017 623 ¹
2060 594 2065 627 ἰ

153 640 210 705 t'lta
227 643 410 714 succurret,
443 655 545 715 sapen
572 641 622 701 eie
642 655 683 699 sa
704 637 778 700 idm.
833 632 870 698 ln
891 633 986 699 Luca
1009 654 1080 716 cap.
1102 631 1134 697 S.
1356 636 1480 740 Quod
1510 635 1587 720 fuit
1616 666 1768 721 nomen
1800 639 1996 723 pastoris?

154 729 238 793 lues
259 727 315 789 iba
337 743 377 787 uu
396 724 538 804 frtedca,
570 728 700 802 epottett
731 728 803 786 ecta
824 723 917 786 dosa
973 719 1062 785 Usus
1083 729 1137 782 est
2149 776 2155 791 ,

153 812 259 877 verbo
281 809 415 894 insigni.
461 806 496 871 ln
519 803 689 870 biarthoeo
710 810 815 872 natet
834 808 904 888 dae,
925 808 1004 872 dara
1025 826 1065 871 er
1085 811 1137 870 iat
1273 803 1391 886 Icirur,
1412 803 1445 867 id
1468 814 1531 881 est,
1554 800 1774 881 illuminatus3
1796 802 2039 890 quiaChr’uttus
2057 803 2174 891 docuit

153 899 256 964 dmttr
276 897 322 962 ist
340 901 498 969 hoamen,
521 895 564 958 du
585 895 663 957 sind
682 896 736 957 dte
757 890 926 957 Tibicines
944 894 1135 973 oeetmdeo,
1187 908 1272 966 enm,
1305 909 1453 954 accensa
1474 902 1527 953 est
1549 894 1582 954 in
1605 910 1647 955 eo
1665 888 1722 956 lux
1745 892 1933 958 doctrinae.
1990 889 2174 976 Proponite

155 982 289 1062 nititur,
310 985 373 1046 dua
395 987 447 1051 tet,
469 982 523 1044 die
545 983 642 1045 aceiae
658 998 827 1059 penaten:
855 979 1046 1043 cecinerunt
1067 997 1136 1043 mo·
1186 977 1285 1041 vohis
1307 974 1396 1040 hauc
1413 977 1590 1062 imaginem
1609 975 1853 1060 pulcherrimae
1876 975 2021 1061 politiae.
2053 975 2174 1045 Credo

154 1070 220 1135 dos
243 1067 417 1155 lugubres,
439 1072 499 1131 wie
521 1071 582 1131 wir
605 1084 798 1149 campanam
829 1069 949 1131 lauten-
1005 1062 1136 1128 Musica
1187 1063 1220 1124 in
1243 1072 1313 1127 toto
1361 1082 1461 1127 encre
1484 1064 1630 1127 humano
1649 1085 1716 1129 non
1737 1062 1845 1129 fuisse
1866 1060 2091 1148 pulchriorem
2112 1085 2175 1148 po·

153 1156 188 1222 in
210 1154 304 1221 luctu
325 1152 546 1218 adhibebatur
569 1152 712 1215 omnium
726 1151 872 1236 gentium
885 1150 1134 1215 consuetudine.
1185 1143 1297 1212 litiam.
1376 1148 1472 1215 icitur
1494 1150 1536 1215 de
1558 1148 1762 1237 Augustino,
1792 1161 1930 1236 optasse
1944 1170 2028 1217 saum
2058 1151 2177 1219 videre

153 1239 214 1308 Isti
229 1237 373 1306 Auletes
390 1237 581 1325 significant
605 1233 854 1303 consolationes
871 1234 1133 1323 philosophicas.
1186 1234 1261 1299 uia.

8 1468 19 1481 '
127 1482 131 1488 ·
212 1447 524 1543 Wiebet‘stdcr
555 1445 874 1538 tentaverim
909 1442 1086 1561 Virpt‘iio‘t
1298 1532 1302 1542 ,
1396 1412 1609 1515 Quaenam
1640 1413 1770 1497 voluit
1798 1413 1966 1500 videret
2077 1484 2081 1492 .

248 1623 375 1700 Wadi&
394 1637 466 1683 ‘'m''
480 1617 603 1698 9⁰m¹l²⁴
621 1620 711 1698 suff
729 1616 896 1697 mmm
916 1616 975 1680 Μ
996 1616 1139 1680 'mm'
1189 1575 2177 1752 tem31d.clltllrsrllllllllh¹l·erlldthllqhahsultllllvhlnlllffi

152 1759 190 1825 ln
223 1753 422 1842 Evangelio:
456 1754 655 1821 decurrerit
683 1774 705 1819 α
736 1758 885 1835 matuta,
923 1755 1072 1818 aceedit
1095 1754 1141 1818 ud
1188 1750 1348 1835 Scipione
1375 1759 1470 1829 (tunc
1493 1755 1579 1817 enim
1606 1753 1779 1836 imperium
1809 1741 2096 1832 maxime'iloruit)
2118 1751 2178 1823 vel

154 1851 270 1913 coetos.
315 1847 383 1909 Der
404 1851 475 1908 eret
500 1847 543 1906 tet
570 1860 637 1904 vox
660 1839 820 1918 rationis,
852 1841 914 1904 dua
945 1841 1051 1904 ottder
1073 1858 1139 1904 vox
1189 1847 1353 1923 regnante
1381 1837 1434 1904 Au
1462 1854 1555 1917 usto,
1589 1840 1653 1903 etsi
1681 1858 1722 1904 eo
1744 1851 1894 1924 tempore
1942 1836 2002 1905 'lus
2035 1841 2080 1905 ibi
2111 1839 2176 1906 init

153 1928 341 2017 Evangelii,
363 1930 440 1994 sind
459 1947 561 2009 peperi
582 1927 748 1993 einander.
804 1924 974 2009 Sapientia
996 1925 1139 1988 huntaua
1188 1924 1351 2001 vitiorum.
1406 1859 1563 1990 Floreute
1596 1924 1749 2009 Scipione
1781 1923 1885 1990 multo
1930 1926 1975 1990 uit
2002 1923 2176 2011 pulchrior

155 2015 313 2102 relinquit
333 2017 366 2080 in
390 2014 547 2080 miseriis:
581 2032 647 2076 vox
670 2008 846 2096 Evangelii
863 2008 1058 2076 consolatur
1078 2009 1138 2074 ho·
1189 2020 1315 2076 status:
1344 2010 1452 2075 minus
1480 2011 1690 2095 turpitudinis
1719 2008 1797 2089 suit,
1831 2023 1865 2077 ct
1889 2008 1965 2099 plus
1988 2015 2176 2098 gravitatis,

154 2104 286 2182 minem,
308 2112 340 2166 et
360 2103 457 2166 docet
479 2111 603 2164 certam
626 2096 867 2163 liberationem.
934 2101 1052 2163 Belenlt
1070 2099 1140 2162 diss
1190 2096 1324 2183 quando
1348 2095 1460 2181 Scipio
1491 2095 1552 2162 luit
1574 2118 1704 2163 censor.
1748 2097 1823 2183 Ego
1850 2093 1952 2184 longe
1981 2094 2175 2171 maluissem

153 2188 580 2271 sermoncinatione
604 2184 1139 2332 estuobispropositadoctrina
1190 2182 1304 2248 videre
1332 2193 1456 2248 etatum
1490 2204 1533 2266 op
1558 2185 1601 2249 idi
1635 2183 1862 2268 Capaneum,
1903 2181 2013 2270 qualis
2052 2182 2176 2253 fuisset

153 2273 388 2363 applicationis
411 2272 677 2356 promissionum.
733 2268 827 2334 Sicut
853 2267 910 2333 ile
932 2269 1037 2334 iairus
1061 2290 1139 2333 con·
1190 2269 1377 2335 reverentia
1399 2289 1482 2354 erga
1504 2206 1688 2346 Christum,
1712 2269 1960 2348 centurionem,
1982 2281 2016 2336 et
2036 2272 2175 2348 laicum:

153 2361 240 2448 {ugit
261 2362 304 2426 ad
327 2359 513 2436 Cluistum,
547 2368 580 2422 et
613 2369 686 2425 orat
719 2377 780 2441 pro
814 2376 878 2421 sua
910 2354 993 2420 iilia:
1027 2355 1078 2419 sic
1106 2364 1139 2420 ct
1190 2356 1245 2440 qui
1267 2365 1442 2439 respectus
1463 2357 1498 2421 in
1520 2356 1708 2421 hominibus
1727 2376 1808 2441 erga
1828 2352 1907 2422 illos
1930 2354 2059 2422 fnisset.
2103 2361 2176 2426 Dar

145 2468 218 2523 ,nos
241 2445 473 2532 confugiamus
506 2444 550 2508 ad
584 2441 701 2509 Filium
733 2439 810 2520 Dei,
843 2452 876 2506 ct
908 2461 1040 2506 oremus
1076 2463 1137 2527 pro
1188 2445 1314 2518 deitati,
1341 2444 1411 2507 aad
1437 2445 1562 2526 darien
1583 2445 1649 2508 dett
1671 2463 1805 2508 versum
1829 2439 1965 2508 Psalmi:
1998 2447 2039 2509 Ia
2060 2464 2176 2511 conoe

153 2545 225 2601 tota
247 2532 404 2598 Ecclesia
425 2526 619 2597 incessabili
641 2528 776 2616 gemitu,
799 2538 831 2592 ct
853 2548 915 2613 pro
936 2529 1034 2593 nobis
1055 2527 1138 2614 ipsis
1188 2531 1307 2594 nteado
1327 2531 1441 2612 uera,
1462 2540 1527 2596 etc.
1567 2527 1615 2594 lbi
1638 2538 1691 2594 cst
1712 2529 1893 2615 descriptio
1915 2529 2031 2615 optimi
2051 2542 2172 2598 status.
2283 2555 2288 2563 ¹

154 2639 298 2708 quoque.

1425 2707 1551 2790 Estne
1582 2707 1710 2790 oratio
1741 2706 1952 2819 congrua?-

90 2803 119 2817 “
154 2841 217 2910 ax
240 2839 505 2908 nunrsoom
533 2837 641 2903 snut
663 2834 1003 2903 resecabimus
1025 2835 1138 2902 uon·
1188 2848 1202 2873 ·
1275 2869 1337 2937 Es,
1359 2871 1491 2955 lgm„
1514 2872 1683 2940 gem:
1716 2876 1763 2942 Ε,
1789 2879 1852 2943 ,a
1876 2875 1947 2942 ,m
1967 2877 2101 2943 mm,
2135 2877 2179 2947 ω

456 2925 549 2989 ‘rent
572 2924 613 2991 n.
639 2923 837 2990 patraret.
1187 2965 1379 3026 cmm„
1409 2980 1520 3041 „mg
1553 2971 1586 3026 a
1617 2961 1757 3044 ,W
1784 2968 1820 3027 a
1852 2981 1961 3027 aaa.
2016 2958 2086 3026 rso
2119 2952 2175 3028 eet

103 3156 121 3189 .
157 3088 275 3194 Quae
307 3086 383 3171 fuit
413 3088 595 3184 omnium
626 3086 894 3199 pulcherrima
929 3072 1069 3197 potina
1099 3087 1140 3169 in
1190 3055 1479 3197 sistitis
1502 3047 1635 3197 {liii
1656 3047 1826 3200 illlis
1845 3044 2174 3220 ‘ilglssffieississliri

452 3235 602 3318 genere
639 3205 844 3290 humano?
1147 3232 1151 3239 ’
1190 3218 1344 3284 serviens
1367 3216 1522 3284 Domino.
1566 3222 1602 3287 in
1621 3220 1689 3284 vita
1707 3217 1843 3285 multum
1872 3232 1925 3284 est
1951 3212 2173 3300 miseriarum,

1190 3315 1300 3390 tatum
1329 3307 1463 3390 quando
1496 3327 1618 3393 magna
1650 3327 1730 3389 pars
1760 3309 1794 3371 in
1822 3305 1935 3392 aliqua
1981 3302 2071 3372 olitia
2093 3302 2172 3373 talis

241 3393 377 3478 Loquor
410 3393 475 3455 iam
498 3393 540 3456 da
562 3411 629 3457 uno
656 3390 790 3476 oppido.
844 3387 1025 3474 Proponite
1041 3390 1139 3454 vobis
1190 3405 1255 3470 est,
1272 3404 1350 3457 tunc
1372 3403 1425 3456 est
1446 3393 1565 3478 ingens
1589 3394 1729 3469 bonum;
1759 3393 1848 3458 sicut
1873 3395 1906 3457 in
1964 3393 2097 3479 iquibus
2118 3413 2172 3460 ra·

153 3481 331 3566 integimem
348 3477 448 3542 huius
471 3478 672 3543 narrationis
701 3477 743 3542 dc
772 3475 894 3560 oppido
917 3474 1136 3559 Capernaum.
1214 3477 1346 3544 'onibus
1376 3490 1455 3543 sunt
1493 3480 1661 3565 principes
1694 3491 1787 3545 recte
1818 3478 2015 3546 invocantes
2047 3476 2174 3557 Deum;

152 3567 203 3635 lbi
226 3566 287 3631 fuit
308 3560 553 3648 pulcherrimus
575 3573 699 3643 status,
728 3563 862 3649 quando
886 3563 1081 3646 capitaneus
1104 3573 1139 3627 et
1212 3567 1312 3630 aheut
1340 3562 1497 3650 populum
1533 3587 1599 3630 una
1629 3576 1661 3631 et
1695 3566 1813 3631 endem
1841 3585 1928 3630 vnce
1959 3566 2173 3652 inuocantem

152 3666 273 3741 pastor
295 3661 374 3715 sunt
395 3649 490 3714 arnici
513 3648 655 3729 Christi,
689 3660 722 3714 et
750 3647 904 3714 Christus
932 3645 1138 3715 familiariter
1188 3648 1317 3727 Deum3
1352 3649 1503 3717 homines
1537 3652 1749 3726 honestiores
1784 3663 1918 3717 tuentur
1948 3647 2171 3736 disciplinam,

154 3760 232 3808 outtt
263 3739 347 3822 ipsis
381 3737 481 3814 vivit,
516 3737 604 3823 regit
635 3757 751 3802 eorum
784 3731 941 3814 consilia,
975 3746 1009 3799 et
1031 3748 1137 3817 ornat
1189 3757 1229 3804 eo
1252 3735 1333 3810 nihil
1356 3749 1409 3803 est
1439 3739 1471 3802 in
1499 3737 1565 3805 hac
1588 3738 1654 3803 vita
1677 3735 1806 3813 melius,
1852 3737 1969 3805 Genus
1990 3737 2172 3805 humanum

154 3838 341 3910 utrumque.
385 3821 504 3887 Nonne
525 3833 618 3886 esset
645 3821 889 3906 pulcherrimus
910 3832 1020 3886 status
1041 3822 1137 3907 regni
1188 3837 1242 3891 est
1264 3836 1515 3911 congregatum,
1538 3821 1872 3910 utaliialiosjdocere
1887 3818 2172 3910 deDeopossint.

155 3913 259 3979 vestri
288 3910 345 3989 (ad
363 3905 556 3975 Polonicum
585 3906 745 3974 Cotttitenr
774 3909 936 3986 dicebat),
969 3909 1001 3973 si
1033 3905 1137 3994 Regis

155 4009 191 4065 et
210 3996 370 4082 Episcopi
386 3993 538 4060 alieuius
565 3994 735 4078 praecipui
763 3991 954 4061 voluntates
976 4013 1137 4079 congrue·

155 4097 231 4150 rent
257 4104 331 4149 cum
356 4079 509 4160 Christo,
540 4083 737 4166 praesertim
768 4081 798 4144 si
831 4092 924 4144 esset
956 4081 1136 4146 auctoritas
1326 4030 1406 4127 Wle
1436 4031 1597 4127 helffen
1627 4034 1693 4127 dle
1722 4057 1817 4129 vel-5⁵
1845 4032 2028 4166 Sllfflelll?
2069 4060 2073 4067 ’

155 4181 261 4248 tanta,
283 4182 319 4235 ut
341 4165 397 4233 alii
421 4170 628 4241 intuerentur
661 4164 823 4252 exempla.
879 4165 974 4231 Sicut
996 4186 1062 4230 non
1085 4177 1137 4231 est
1321 4205 1421 4285 thue
1441 4205 1525 4269 ago,
1541 4209 1601 4269 am
1619 4207 1661 4269 d,
1681 4209 1849 4286 ,eume
1868 4207 2033 4281 docerent,

155 4247 290 4324 dubium
313 4251 471 4339 populum
492 4255 643 4359 intuitum
666 4275 749 4357 esse
776 4250 896 4356 horum
925 4253 1023 4317 trium
1051 4253 1136 4355 uiro
1321 4291 1495 4370 ΜΨ
1511 4296 1620 4372 ptem
1642 4297 1738 4356 mm
1752 4294 1873 4356 mm
1892 4293 2013 4356 dom

154 4364 230 4410 rum
264 4336 434 4424 exempla,
472 4350 504 4402 et
532 4336 591 4406 ulla
625 4353 773 4428 tugentra
806 4336 983 4410 ornacula,
1017 4340 1137 4422 quihus

156 4427 312 4495 Christus
340 4427 472 4492 ornavit
498 4415 677 4513 hospitium
710 4447 818 4492 suurn.
875 4424 1008 4490 Pastori
1037 4421 1137 4490 filiam
1187 4425 1273 4492 Tota
1295 4427 1499 4491 consociatio
1523 4439 1556 4492 et
1577 4429 1646 4493 vita
1673 4428 1827 4494 divinitus
1856 4439 1909 4491 est
1938 4426 2103 4504 ordinata,
2135 4437 2175 4493 ut

154 4512 330 4584 revocavit
363 4531 404 4576 ex
437 4523 559 4588 morte;
593 4523 627 4579 et
653 4515 784 4579 sanavit
816 4510 889 4578 sive
911 4508 1032 4588 lilium,
1064 4510 1136 4576 sive
1187 4512 1340 4580 homines
1375 4514 1460 4577 inter
1487 4532 1525 4578 se
1560 4515 1703 4579 doceant
1731 4515 1774 4579 de
1801 4509 1892 4583 Deo,
1926 4514 2174 4598 gubernatores

154 4603 340 4669 ministrum
363 4599 585 4678 centurionis,
616 4599 649 4663 id
673 4599 763 4685 quod
791 4596 891 4683 paulo
913 4611 991 4662 aute
1013 4594 1138 4662 facturn
1188 4597 1327 4665 flectant
1347 4597 1506 4684 populum
1537 4601 1804 4686 adagnitionem
1828 4597 1907 4676 Dei,
1941 4610 1975 4663 et
2006 4599 2050 4663 ad
2073 4598 2174 4664 disci-

155 4685 226 4754 iuit.
289 4685 380 4750 Haec
415 4686 625 4751 resuscitatio
657 4681 747 4750 iacta
779 4696 831 4749 est
865 4684 1016 4751 secundo
1049 4702 1137 4748 anuto
1188 4683 1323 4771 plinam.
1391 4684 1455 4752 Dte
1483 4691 1600 4768 fatuea
1636 4689 1777 4753 sabinen
1810 4686 1991 4749 sententias
2023 4689 2088 4753 eott
2117 4687 2174 4751 ibt·

155 4770 427 4861 praedicationis.
460 4768 684 4836 Resuscitatio
706 4772 828 4837 viduae
850 4767 941 4835 facta
963 4781 1015 4833 est
1032 4770 1138 4855 pritno
1188 4772 1303 4839 Herrn
1336 4775 1508 4837 tttercltettc
1538 4773 1615 4856 quia
1650 4788 1728 4836 sunt
1758 4767 2094 4837 comnioneiactiones
2128 4770 2174 4836 da

155 4880 263 4925 anno:
286 4857 418 4937 Lazari,
440 4858 536 4922 tertio
559 4877 646 4923 auno
668 4858 937 4943 praedicationis.
981 4859 1027 4922 lta
1044 4854 1138 4920 Chri·
1189 4856 1362 4945 principali
1384 4877 1485 4940 opere
1499 4859 1626 4925 inrita:
1649 4854 1816 4935 videlicet,
1838 4877 1905 4942 quo
1927 4859 2071 4922 debeant
2092 4877 2173 4923 esse

155 4957 231 5012 atus
259 4945 449 5029 ingentibus
478 4939 645 5009 miraculis
672 4945 802 5011 ornavit
829 4943 1007 5029 hospitium
1030 4963 1137 5007 suunt.
1190 4946 1315 5011 directa
1333 4941 1528 5028 principalia
1549 4944 1582 5008 iu
1606 4945 1684 5008 vita.
1718 4943 1791 5008 Vos
1814 4944 1897 5008 estis
1920 4964 1962 5008 ex
1983 4939 2172 5010 nobilitata:

156 5031 239 5098 Mihi
261 5051 328 5095 nou
351 5031 486 5096 dubium
509 5041 580 5108 est,
614 5031 691 5116 quin
725 5031 768 5095 de
781 5028 951 5183 plurimus
983 5030 1137 5116 obscuris
1190 5031 1319 5098 debetis
1341 5031 1502 5118 cogitare,
1525 5031 1615 5115 quod
1631 5027 1726 5094 Deus
1747 5024 1907 5115 praefecit
1929 5049 2004 5108 vos,
2025 5043 2061 5095 ut
2076 5047 2173 5115 prae·

154 5122 259 5186 rebus
293 5113 522 5183 consuluerint
542 5115 731 5185 Dominum.
810 5117 983 5203 apitaneus
1017 5115 1060 5182 de
1088 5136 1138 5183 ra-
1188 5114 1331 5183 laceatie
1364 5113 1489 5202 populo
1517 5116 1746 5195 inducendo,
1776 5117 1812 5182 in
1840 5115 2069 5184 confirmanda
2090 5113 2171 5196 lide,
