4620 5588
153 170 197 237 a
685 230 688 235 ff
841 124 1061 232 cosmum
1082 162 1482 233 amasnunomana.
2123 169 2167 238 aa

153 378 233 429 esse
263 378 395 426 mame
427 359 547 425 &men
576 361 724 425 mma
759 363 905 427 meret
937 363 1038 446 caput
1065 376 1136 424 cer·
1186 375 1248 440 oue
1275 363 1482 441 maneant:
1512 357 1705 428 Nescimus
1733 362 1944 440 promissioni
1970 364 2169 440 neaemias·

150 450 269 534 panna
1180 445 1382 527 promittite,
1414 462 1473 524 epo
1493 462 1615 526 quoprte
1640 444 1807 509 includere
1832 463 1884 510 me
1910 447 2061 513 maor.-
2087 449 2167 514 For·

239 530 314 598 Etsi
346 527 495 596 babebat
525 548 681 616 magnum
702 539 878 615 peccatum
896 527 997 594 Cain:
1024 540 1134 595 tamen
1185 535 1286 595 ιωιιι
1316 533 1408 595 Dent
1439 528 1564 612 alicime
1592 548 1716 613 pmtcot
1746 532 1858 615 dalet,
1890 550 1977 615 quor,
2010 538 2170 617 cttm‘ipai

154 619 298 686 debebat
318 615 428 682 redire
449 616 494 681 ad
509 612 632 696 Deum,
654 617 798 681 debebat
820 614 1007 700 scireapud
1024 612 1135 681 Deum
1184 616 1270 687 niet,
1289 621 1507 698 tronusomnut
1526 624 1558 681 et
1576 617 1741 682 muniit.
1813 640 1816 647 ·

153 724 231 772 asse
262 703 494 856 remssilzs‘i'orbep'r
527 713 742 855 112ngme
750 702 926 854 {odoebebnt
945 711 1135 854 teuergure·
1184 699 1341 852 mie}
1380 701 1602 851 rcprspvetffiae
1634 712 1726 852 suph
1746 702 1831 767 istae
1865 702 2168 856 cogitattiignes,bet

272 809 281 853 ι
858 809 876 852 e
920 807 938 852 o
990 839 997 851 ,
1084 838 1091 854 .
1296 807 1317 850 n
1343 808 1396 852 um
1824 807 1843 851 s
1898 807 1922 852 s
1944 809 1965 852 n

153 788 398 961 “hufapbme
412 808 591 940 'stabilllmt
611 807 1134 956 dubletltionemcqe’fla'blecflctnnt
1183 880 1218 937 et
1239 870 1376 953 luctari,
1409 883 1447 939 ut
1472 806 1904 956 'anrpifflarlurevgrlmssf
1924 809 1988 939 eln
2010 809 2168 963 uulnerum}

151 961 241 1030 iano
272 956 555 1040 consolationem,
588 981 663 1027 cum
681 962 784 1026 citant
806 961 931 1026 dictum
951 979 994 1024 ex
1014 955 1133 1025 Eccle-
1183 953 1279 1023 aliter
1300 960 1516 1046 acquiescere
1538 959 1718 1040 debemus,
1746 978 1846 1046 quam
1867 961 1897 1026 si
1919 962 1964 1026 ad
1986 977 2049 1026 nos
2071 959 2168 1030 solos

150 1049 270 1115 sime:
290 1050 393 1115 Nemo
413 1053 491 1129 coit,
519 1066 564 1112 on
585 1053 620 1113 in
640 1066 762 1125 umore,
783 1051 834 1112 oei
853 1048 928 1112 odio
947 1047 1001 1113 ait.
1063 1044 1132 1111 Sed
1182 1044 1374 1131 pertineret.

151 1133 219 1202 boc
239 1135 348 1220 ipsum
370 1133 493 1200 dictum
514 1134 658 1218 pertinet
678 1133 723 1199 ad
747 1130 1027 1208 consolationem
1055 1132 1132 1217 quia
1269 1128 1307 1194 ln
1338 1128 1399 1196 tali
1425 1127 1516 1197 lucta
1548 1131 1646 1197 adest
1674 1130 1816 1216 Spiritus
1839 1143 1999 1214 sanetus,
2032 1135 2167 1220 erigens

150 1218 219 1288 boc
240 1221 331 1300 dicit,
351 1239 421 1286 non
443 1238 523 1285 csse
543 1218 753 1284 iudicandum
771 1238 814 1284 ex
834 1219 935 1284 rebus
961 1217 1132 1297 secundis,
1182 1235 1261 1282 nos:
1295 1236 1360 1282 nec
1390 1217 1601 1303 cogitandum
1631 1229 1684 1284 est
1704 1217 1802 1283 fidem
1820 1228 1880 1284 aut
1902 1216 2167 1286 consolationem

150 1304 208 1374 vel
228 1307 384 1373 adversis
406 1306 450 1371 de
471 1301 590 1370 favore
611 1303 685 1371 Dei.
715 1305 764 1371 ita
786 1305 872 1371 enim
893 1315 947 1370 ost
968 1304 1000 1370 in
1023 1315 1135 1370 textus
1183 1303 1327 1368 existere
1358 1304 1432 1369 sina
1458 1300 1516 1369 tali
1548 1301 1650 1369 lucta.
1704 1302 1888 1371 Promissio
1921 1303 2016 1370 dicite
2049 1309 2168 1373 Inuoco

150 1396 252 1461 Nemo
272 1398 338 1460 scit
355 1410 499 1459 morene
520 1392 570 1458 oei
589 1394 696 1458 odium
717 1411 763 1458 ero
783 1393 835 1476 iic,
856 1411 938 1475 once
962 1410 1074 1458 corum
1095 1410 1133 1457 eo
1181 1408 1232 1454 me
1247 1390 1283 1453 in
1302 1391 1356 1456 die
1378 1391 1609 1472 commemo,
1640 1399 1676 1456 ct
1693 1392 1829 1474 eripiam
1850 1401 1891 1458 te.
1944 1389 2045 1472 Item,
2078 1395 2169 1460 lucio

150 1489 235 1548 ms
267 1476 360 1566 Ergo
381 1497 491 1563 neque
511 1478 602 1563 impii
623 1489 658 1544 ct
678 1477 769 1560 mali,
790 1497 899 1564 neqtm
916 1478 961 1564 pii
983 1477 1133 1544 iudicare
1181 1480 1217 1541 in
1237 1477 1409 1542 Dominam
1429 1496 1542 1543 mam
1562 1484 1659 1559 mum.
1688 1485 1724 1544 et
1736 1483 1807 1560 ιριι
1827 1483 1966 1544 matrici
1987 1485 2028 1544 te.
2073 1475 2167 1544 Haec

151 1565 273 1632 debent
293 1584 337 1630 ex
356 1566 460 1630 rebus
481 1563 640 1630 secundis
661 1576 719 1629 aut
740 1564 904 1645 adversis,
927 1563 989 1629 sed
1007 1582 1133 1630 enver-
1182 1560 1272 1627 dicta
1292 1563 1338 1627 ita
1359 1562 1474 1629 audire
1496 1563 1612 1644 debes,
1634 1572 1671 1629 ut
1691 1563 1722 1629 si
1742 1563 1876 1636 audires
1897 1581 2018 1630 socen
2034 1560 2100 1630 Dei
2121 1564 2166 1630 ad

150 1652 202 1717 bo
218 1648 297 1718 Dei.
339 1649 446 1717 Dives
467 1649 532 1715 iste
552 1670 620 1716 non
643 1650 757 1716 debuit
778 1650 925 1715 indicare
946 1646 1133 1735 seplacere
1182 1656 1216 1712 te
1236 1666 1338 1713 unum
1360 1646 1539 1735 loquantis.

149 1735 244 1803 Deo:
272 1737 351 1822 quia
371 1733 573 1824 aliquamdiu
592 1734 703 1815 floret,
737 1755 811 1802 cum
833 1736 878 1801 sit
898 1732 1037 1821 impium
1068 1754 1133 1802 nec
1269 1732 1368 1813 Quod
1399 1737 1428 1799 si
1460 1734 1633 1800 intinnitas
1667 1743 1725 1802 tua
1757 1735 1891 1801 obiicit=
1923 1732 1990 1815 Ab,
2025 1753 2099 1802 sum
2131 1734 2166 1800 in

148 1821 305 1888 lazarus
327 1823 427 1889 debet
448 1822 638 1887 existimare
658 1841 699 1891 se
720 1823 885 1889 abiectum
907 1840 987 1888 esse
1006 1842 1028 1888 a
1045 1820 1133 1901 Deo,
1181 1821 1315 1906 magnis
1347 1821 1507 1901 miseriis,
1540 1817 1696 1887 fortassis
1730 1822 1967 1890 succumbam:
1999 1820 2083 1900 imo,
2115 1817 2173 1888 lu·-

149 1909 280 1975 etiurnsi
302 1917 355 1973 est
375 1909 409 1973 in
430 1909 609 1974 aerumnis.
1183 1908 1266 1971 atari
1288 1907 1398 1973 statim
1421 1907 1525 1972 debes
1558 1917 1676 1972 contra
1709 1903 1799 1973 bano
1829 1907 2066 1974 intinnitatem:
2099 1925 2166 1995 ego

237 1992 301 2061 llic
323 2004 376 2060 est
402 1991 596 2079 principalis
618 1990 715 2061 locus
746 1994 781 2059 in
812 1993 1004 2060 narratione
1034 1994 1133 2059 buius
1182 2011 1250 2057 non
1272 1995 1501 2071 succumbam,
1523 1995 1601 2079 quia
1616 1993 1775 2077 scriptum
1794 2003 1859 2061 est:
1883 1996 1952 2075 Eoo
1972 2013 2042 2060 omn
2063 2001 2167 2061 tecam

146 2077 336 2167 Evangelii.
380 2080 511 2146 Addam
532 2099 640 2165 pauca
661 2079 704 2146 de
727 2080 829 2146 dictot
851 2082 980 2147 Habent
996 2081 1132 2152 Macen,
1182 2085 1219 2145 in
1240 2083 1454 2146 tubulatione.
1487 2078 1580 2159 liam,
1601 2077 1701 2147 Beati
1721 2082 1950 2163 quicmfidunt
1971 2077 2166 2148 iotDosntno.

148 2176 186 2235 et
202 2165 397 2252 bochetot,
417 2168 491 2234 ilios
511 2169 655 2234 audium
1182 2162 1352 2251 Exspecta
1373 2167 1486 2253 igitur,
1510 2164 1652 2247 confide,
1674 2167 1855 2254 acquiesce
1875 2167 1909 2231 in
1929 2162 2017 2243 Deo,
2045 2177 2081 2231 et
2097 2176 2166 2232 sta·

236 2251 288 2318 Ex
319 2250 388 2318 boc
420 2253 510 2318 dicto
544 2253 713 2319 discamus
742 2248 934 2337 Ecclesiam
962 2248 1132 2340 alligatam
1182 2260 1239 2316 tue
1255 2263 1289 2318 te
1307 2253 1337 2317 ei
1360 2270 1462 2318 curae
1484 2271 1577 2319 esse:
1607 2253 1684 2338 quia
1712 2255 1849 2319 verbum
1871 2252 1945 2317 eius
1966 2251 2166 2318 audiendum

148 2357 230 2406 asse
263 2337 307 2405 ad
340 2337 556 2423 Scripturam,
590 2357 652 2403 seu
674 2336 807 2404 adhoc
830 2340 977 2416 verbum,
1000 2339 1133 2426 quoda
1183 2347 1247 2417 est,
1275 2357 1344 2402 non
1364 2335 1600 2426 indulgendum
1634 2339 1891 2426 cogitationibus
1922 2335 2090 2403 humanae
2116 2337 2165 2405 ln·

148 2425 228 2492 Deo
249 2423 405 2490 nuditum
427 2435 492 2504 eat,
512 2436 546 2491 et
566 2425 660 2490 iuxta
679 2424 747 2489 boc
768 2424 904 2488 verbum
922 2423 1133 2499 indicandum
1181 2419 1355 2504 limitetis,
1377 2434 1441 2489 etc.

146 2509 509 2664 amitiit?
528 2507 617 2661 1¹2⁰?
638 2507 1132 2662 itisli’1iie.tit⁰tt
1180 2594 1249 2661 ..a
1267 2507 1798 2662 {affabilitatis
1816 2508 2166 2663 ”iititiiii

149 2679 261 2751 coelo
371 2764 377 2773 p
539 2617 561 2681 p
871 2614 915 2682 oq
1182 2616 1355 2748 docfrinae
1373 2618 1604 2771 genuapquod
1625 2641 1817 2749 nou⁹babet
1837 2614 2025 2747 festimonia
2045 2678 2165 2749 Moisis

235 2768 356 2835 Nonne
376 2778 413 2834 tu
434 2786 538 2852 saepe
559 2765 692 2855 cogitas
713 2768 800 2834 inter
819 2767 1038 2853 precandum:
1065 2766 1132 2848 Ab,
1181 2777 1217 2835 et
1236 2766 1492 2856 Prophetarum:
1525 2778 1560 2834 et
1591 2765 1776 2835 referamus
1808 2766 1876 2833 buc
1896 2767 2002 2834 verba
2023 2763 2164 2836 Chriml:
2255 2778 2262 2791 ‘

195 2874 249 2920 am
264 2852 409 2921 libenter
427 2851 679 2959 vellemcoram
699 2853 814 2922 videre
835 2854 1005 2979 et'andire
1022 2852 1132 2920 Deum
1180 2858 1296 2962 Pater,
1328 2859 1497 2938 mactiticc
1528 2873 1585 2923 eoa
1616 2861 1651 2922 ia
1682 2860 1832 2940 ammte,
1870 2869 1979 2922 sermo
2009 2861 2085 2921 imm
2115 2863 2167 2921 eat

149 2940 598 3114 iiiimxiii
624 2937 905 3092 :lentitia
925 2937 1131 3093 iiiiii
1179 2949 1310 3009 '’m'‘

147 3114 267 3180 bemus
287 3112 406 3178 intueri
426 3131 544 3218 uerum
565 3108 686 3191 Deum,
708 3123 819 3178 mente
839 3109 948 3178 delixa
975 3113 1019 3177 ad
1040 3113 1131 3203 tastl7

146 3193 1050 3437 ζξξξξῦἱῗζξὲᾅῖἓῖῑᾌῑξὲῗἧξὴὲἒῇἓᾏῗὲῗξ
1070 3218 1130 3437 ἐξ
1322 3261 1547 3333 nonmma
1568 3263 1607 3330 11.
1630 3261 1747 3331 oosu
1768 3262 2028 3332 munins

147 3389 213 3437 uas
281 3389 391 3436 nmina
416 3388 500 3436 ones
533 3389 575 3436 ex
648 3390 711 3437 ver
732 3389 807 3448 um3
838 3390 857 3435 s
928 3389 999 3437 aem
1026 3390 1063 3436 er
1919 3435 1922 3440 ,

149 3457 299 3543 cogitare
318 3456 435 3523 debes.
1001 3391 1025 3456 P
1414 3450 1686 3543 Evangelium
1708 3453 1843 3522 Lucae
1871 3453 1931 3520 14.

235 3541 315 3610 Scio
337 3552 371 3608 ta
392 3561 473 3607 essa
493 3561 608 3607 verum
628 3539 750 3622 Deum,
773 3543 830 3629 qui
850 3541 1013 3609 tradidisti
1031 3542 1129 3610 nobis

24 3662 31 3684 ι
147 3625 216 3694 lioc
235 3629 387 3708 verbum,
408 3639 443 3693 et
457 3639 491 3694 te
512 3625 601 3694 velle
617 3628 771 3713 agnosci,
791 3631 881 3695 iuxta
901 3628 1130 3710 bocvarbum,
1264 3645 1366 3713 Hmno
1393 3644 1529 3733 mum
1557 3644 1642 3730 fecit
1671 3662 1805 3712 mum
1826 3661 1986 3726 moonutn,
2018 3651 2076 3710 ete.

147 3711 239 3781 uelle
259 3714 352 3780 credi
372 3714 580 3793 buieverbo,
602 3713 1004 3796 cuidedistitestimonia,
1026 3735 1128 3802 quan-

148 3800 193 3867 do
213 3800 357 3866 eduxisti
367 3797 525 3885 populum
541 3796 763 3887 exlegypto,
785 3821 862 3867 cum
873 3801 993 3866 dedisti
1007 3798 1130 3890 legem,
1264 3797 1466 3888 Principalis
1487 3809 1597 3866 status
1622 3796 1722 3865 buius
1744 3793 1946 3864 narrationis
1968 3806 2037 3862 est:
2074 3793 2162 3871 Quo

147 3904 224 3953 cum
246 3882 399 3952 clamasti
420 3888 463 3953 da
483 3883 568 3952 Filio
589 3896 664 3954 tuo:
686 3889 781 3953 Ilrmc
800 3889 918 3954 andiu.
961 3886 1009 3954 'l'e
1030 3889 1131 3975 igitur
1179 3883 1251 3953 rela
1271 3885 1314 3952 da
1334 3886 1502 3972 paucitate
1523 3885 1745 3966 credentium,
1778 3892 1812 3949 et
1834 3879 2021 3950 consolatio
2043 3892 2163 3950 conma

146 3990 263 4039 verm
283 3970 412 4052 Deum,
444 3973 501 4058 qni
522 3982 557 4038 te
588 3970 778 4058 patefecisti
806 3973 840 4039 in
867 3973 972 4040 verbo
1005 3983 1064 4040 tuo
1096 3984 1131 4040 et
1180 3968 1374 4039 scandalum
1406 3970 1488 4038 illud
1519 3971 1715 4058 paucitatis:
1757 3968 1838 4035 item
1873 3965 2162 4051 commonefacio,

145 4059 252 4125 misso
269 4055 367 4138 Filio,
398 4059 532 4140 invoco,
559 4059 620 4125 tibi
652 4061 757 4126 credo
776 4059 928 4146 loquenti
944 4078 1073 4127 mecum
1093 4060 1130 4127 ln
1179 4055 1236 4127 vel
1256 4058 1459 4140 testificatio,
1481 4058 1583 4146 qnod,
1610 4075 1808 4144 quamquam
1834 4067 1890 4123 est
1909 4075 2031 4144 magna
2052 4052 2162 4122 multi·

146 4146 253 4212 verbo
273 4153 344 4225 tuo,
364 4155 399 4210 et
420 4144 485 4213 bac
505 4164 560 4210 me
582 4144 814 4226 consolatione
834 4147 939 4298 ιη’ἒο.
1179 4145 1261 4213 tudo
1294 4164 1486 4234 repugnans
1507 4140 1708 4231 Evangelio,
1741 4152 1851 4208 mmeu
1873 4138 1970 4209 Deus
2000 4144 2163 4210 immensa

232 4229 330 4297 Hanc
359 4233 546 4298 doctrinam
577 4251 647 4298 non
667 4230 856 4320 intelligunt
910 4229 1129 4317 nthnsiastae,
1180 4233 1329 4300 bonitate
1352 4229 1490 4318 colligat
1511 4238 1546 4295 at
1566 4240 1680 4295 servat
1701 4228 1766 4295 sibi
1785 4224 1984 4297 Ecclesiam.

147 4319 202 4404 qui
233 4314 391 4405 neglecto
422 4319 530 4386 verbo
552 4329 748 4404 exspectant
779 4338 888 4386 novos
909 4315 1060 4400 afflatus,
1086 4319 1129 4386 de
1266 4317 1339 4387 litai
1370 4329 1480 4386 autem
1512 4315 1638 4383 initium
1669 4312 1769 4382 buius
1801 4315 1974 4383 concionis
2006 4315 2049 4385 da
2082 4334 2161 4385 con·

146 4403 269 4490 quibus
288 4404 431 4472 dicitnr:
447 4406 500 4472 Ad
517 4408 619 4487 bucon
639 4413 673 4472 et
693 4407 741 4472 ud
760 4411 995 4488 testimoniium·
1013 4412 1045 4473 ai
1063 4426 1129 4474 non
1178 4405 1270 4473 viulo
1291 4401 1392 4472 valde
1413 4399 1513 4470 dulce
1534 4412 1605 4482 est,
1632 4412 1743 4468 tamen
1763 4403 1860 4468 triste
1878 4399 1946 4470 boc
1968 4413 2039 4484 est,
2071 4403 2162 4556 am

144 4490 293 4557 wanno
311 4495 405 4557 nmio
431 4493 561 4557 emman
591 4494 669 4572 icoc,
704 4512 770 4559 nott
791 4495 859 4560 erit
875 4494 923 4563 eia
945 4496 1005 4559 lato
1025 4501 1128 4560 matu·
1179 4491 1318 4571 dicitnr,
1350 4488 1513 4556 Dominus
1548 4487 1652 4556 irasci
1686 4486 1875 4557 bominibus
1914 4486 2071 4578 negligen
2100 4491 2162 4564 bus

145 4582 232 4642 uno:
256 4576 292 4643 id
314 4586 384 4658 est,
410 4579 634 4646 venabuntur
654 4579 689 4644 in
709 4578 870 4659 tenebris,
889 4572 924 4644 in
945 4581 1129 4662 amoribus,
1179 4588 1304 4645 tanmm
1325 4576 1432 4664 ipsius
1453 4574 1643 4642 bonitatam.
1690 4572 1761 4642 nn
1792 4587 1826 4643 et
1844 4571 2018 4643 conclusio
2047 4576 2163 4645 addita

144 4661 328 4729 mendado.
1178 4662 1349 4743 terribilis,
1370 4682 1457 4750 quae
1478 4660 1645 4748 significat
1665 4681 1821 4750 magnam
1841 4672 1981 4750 purtem,
2003 4661 2104 4730 etim
2124 4663 2161 4731 in

230 4747 344 4835 Saepe
374 4758 487 4816 autem
518 4769 562 4816 ex
581 4748 769 4816 infirmitate
800 4750 985 4839 impingunt
1009 4761 1129 4818 contra
1177 4747 1236 4817 illa
1257 4747 1474 4829 multitudine,
1496 4767 1582 4836 qnae
1603 4757 1657 4816 est
1675 4758 1808 4830 vocata,
1828 4749 1948 4834 perire.

143 4830 235 4899 banc
250 4831 415 4925 regulam
447 4836 504 4922 qni
534 4855 604 4902 non
625 4847 705 4904 sunt
725 4838 901 4905 exercitati
921 4839 1014 4905 veris
1036 4856 1127 4905 exer·
1264 4837 1318 4904 Ne
1338 4847 1449 4904 antem
1475 4831 1673 4923 frangantur
1693 4835 1794 4903 animi
1815 4834 1884 4901 boc
1914 4832 2001 4901 tristi
2028 4845 2160 4923 specta·

144 4919 230 4986 citils
251 4921 474 5007 poenitentiae
494 4932 529 4988 et
549 4923 783 4990 invocationis.
833 4923 877 4990 lli
901 4945 977 4992 cum
995 4933 1073 4991 sunt
1093 4925 1128 4991 in
1169 4919 1268 5006 culo,
1299 4921 1496 4990 consolatur
1515 4920 1681 4988 Dominus
1702 4921 1790 5007 pios,
1845 4921 1913 4988 uod
1945 4931 2059 4989 nmen
2090 4942 2160 4990 ser·

142 5002 334 5088 doloribus,
365 5017 400 5074 st
419 5007 559 5075 audiunt
580 5005 832 5076 consolationes
854 5031 899 5077 ex
919 5011 1039 5092 verbo,
1060 5011 1128 5078 dis·
1177 5023 1316 5078 naturus
1338 5010 1404 5077 sibi
1425 5008 1469 5076 sit
1483 5006 1628 5096 aliquem
1647 5018 1776 5075 coetum
1902 5028 1957 5075 nm
1975 5027 2018 5073 ax
2033 5020 2160 5094 spreta,

110 5158 115 5163 .
141 5102 261 5178 paim
280 5108 413 5162 uuam:
435 5095 499 5168 Ab.
520 5102 642 5177 mucio,
664 5115 710 5164 un
729 5099 819 5165 dicto
839 5101 897 5166 iiic
916 5099 963 5166 od
979 5116 1032 5166 me
1051 5116 1127 5184 qno
1177 5097 1413 5178 abiectissim,
1444 5105 1479 5164 ct
1509 5095 1696 5163 miserrima
1725 5105 1822 5182 parte
1850 5094 1985 5184 generis
2006 5093 2157 5173 bumani3
