4620 5588
134 134 209 255 'aaa
786 184 1522 254 omanansomerxaxnunnm.
2095 187 2161 255 roo

142 377 240 442 etiam
262 396 349 465 quos
372 377 583 463 suspicantur
607 389 754 458 tantum,
775 399 843 443 non
865 377 1040 462 probarai
1067 396 1148 463 sos
1199 375 1315 454 uendi,
1347 377 1377 439 is
1400 373 1546 444 cumulat
1573 387 1716 463 peccata
1737 378 1902 462 pcccatis3
1936 379 2012 463 qttia
2034 379 2161 444 deridet

141 483 214 529 rum
236 463 432 549 impietates.
473 462 590 529 Statim
612 462 673 529 init
693 464 758 530 iste
780 461 874 529 furor
895 465 927 527 in
974 399 1121 543 aratliso,
1145 468 1148 527 Ξ
1175 396 1301 542 benur,
1335 472 1506 528 ettamen
1535 461 1668 527 simulat
1691 463 1934 548 poenitentium.
1980 462 2160 529 Absolutio

141 550 174 616 in
198 542 349 628 diabolo,
371 562 490 636 postea
511 551 546 614 in
568 548 645 615 filiis
668 552 786 616 Adam.
832 548 922 615 Talis
945 485 1040 613 liuor
1060 546 1123 615 init
1146 590 1149 599 ·
1176 566 1289 612 curam
1323 547 1479 615 Ecclesia
1513 549 1613 614 debet
1646 548 1719 614 fieri
1750 551 1814 615 isto
1848 551 1966 624 modo;
2007 547 2161 615 videlieet

140 637 174 699 in
197 632 281 702 Saul
303 637 466 702 adversus
488 634 670 715 Davidem,
698 649 731 701 et
757 632 992 703 universaliter
1015 637 1121 701 estin
1146 602 1149 671 Ι
1175 635 1310 719 quaudo
1333 635 1552 701 ostenduntur
1573 637 1672 723 signa
1695 637 1937 723 conversionis.

140 718 163 786 l1
212 723 326 787 ocritis
366 724 530 788 adversus
571 743 671 788 veros
711 723 916 810 prophetas,
956 724 1121 788 adversus
1260 720 1308 785 lta
1330 719 1448 786 mulier
1469 722 1533 787 ista
1556 723 1665 807 diligit
1684 724 1828 803 mium,
1864 724 1988 801 idest,
2017 723 2161 788 ostendit

141 806 328 888 cristam,
361 811 525 876 adversus
559 808 763 894 Apostolos,
801 822 835 875 et
867 813 918 875 sic
952 811 1121 895 deinceps.
1173 808 1270 892 signa
1294 809 1544 885 conversionis3
1579 810 1725 874 ostendit
1747 829 1852 894 opera
1874 805 2080 884 dilectionis3
2101 809 2160 873 ha·

141 895 201 960 Sic
222 893 377 961 Ecclesia
406 897 574 982 premitur.
629 896 684 957 Sie
706 899 747 958 ist
765 896 825 958 cius
848 896 1001 976 sreulein,
1060 917 1122 961 uae
1172 894 1230 957 bet
1265 890 1474 959 dilectionem
1507 908 1541 960 et
1573 896 1682 960 iidem.
1741 894 1810 959 lsta
1843 894 2066 981 Synecdoohe
2106 906 2160 960 est

141 993 195 1046 est
228 983 260 1046 in
296 984 373 1048 odio
412 994 445 1046 et
483 994 674 1064 contemptu
713 981 981 1049 Pharisaeorum.
1036 918 1122 1048 ium
1172 976 1434 1063 simplicissima:
1456 980 1548 1070 Ergo
1571 980 1671 1048 habet
1687 983 1914 1046 remissionem
1932 994 2159 1066 peccatorum,

140 1066 301 1153 pulchrae
323 1071 498 1154 imagines.
534 1068 569 1133 ln
591 1066 647 1134 illa
666 1083 718 1134 est
740 1067 917 1141 humilitas,
937 1081 971 1134 et
992 1089 1122 1134 summu
1173 1085 1240 1132 uon
1262 1065 1571 1151 perdilectionem,
1593 1069 1654 1133 sed
1676 1089 1737 1154 per
1759 1066 1876 1145 iidem3
1903 1070 1978 1173 quia
1999 1069 2103 1133 credit
2124 1068 2158 1132 in

140 1156 327 1220 reverentia
345 1176 426 1241 erga
448 1153 628 1234 Christum,
649 1158 683 1220 in
701 1154 758 1220 illa
775 1171 827 1221 est
848 1156 945 1234 fides,
964 1169 997 1221 et
1019 1177 1121 1241 opera
1172 1149 1302 1217 Filium.
1347 1152 1471 1219 Postea
1493 1152 1648 1220 Christus
1682 1155 1829 1220 invertit:
1861 1154 1922 1219 Cui
1949 1157 2080 1220 muitum
2106 1175 2158 1219 re·

142 1239 379 1319 consessionis,
401 1263 487 1328 quae
511 1243 663 1309 oriuntur
683 1264 725 1308 ex
743 1241 909 1327 profundo
928 1244 1040 1307 cordis
1064 1262 1121 1328 ge·
1172 1240 1323 1320 mittitur,
1355 1240 1411 1303 iila
1430 1243 1564 1309 muitum
1581 1242 1707 1327 duvffla
1740 1243 1795 1305 etti
1821 1261 1941 1391 putum
1973 1244 2159 1325 remittitur,

139 1328 230 1392 mitu.
274 1326 312 1392 ln
340 1327 522 1395 Pharisaeo
546 1340 600 1394 est
621 1328 807 1409 fastidium,
829 1330 1006 1416 superbia,
1027 1349 1121 1394 arro·
1171 1344 1291 1410 parum
1313 1327 1431 1412 diripit.
1476 1327 1539 1392 list
1556 1326 1696 1414 pulchra
1715 1348 1819 1391 conso
1835 1331 1910 1394 atio.
1956 1327 2159 1394 Excruciant

141 1414 262 1499 gantia.
1174 1413 1411 1478 conscientiam
1444 1411 1617 1481 multitudo
1651 1427 1685 1479 et
1716 1416 1909 1503 magnitudo
1930 1427 2158 1499 peccatorum,

1172 1501 1261 1563 sicut
1282 1500 1416 1565 videtis:
1433 1496 1545 1583 ⁸liiulti
1572 1499 1724 1567 homines
1746 1499 1870 1566 habent
1894 1502 2076 1567 certamina
2098 1498 2159 1566 dis·

1173 1582 1285 1662 licilia,
1308 1585 1442 1672 quando
1464 1583 1586 1674 aliquis
1608 1588 1708 1653 habet
1720 1584 1855 1673 aliquod
1873 1588 1998 1666 vitium,
2022 1583 2157 1739 alipuod

695 1742 704 1761 .
1174 1668 1306 1737 vulnus.
1342 1669 1386 1735 Ut
1398 1668 1562 1738 Diabolus
1585 1673 1701 1739 inflixit
1714 1671 1837 1740 Davidi
1858 1672 1980 1741 vulnus
2004 1694 2064 1757 pro
2081 1686 2157 1739 ecto

503 1741 566 1815 Qu
579 1754 759 1809 ³0⁵i¹⁰²
1172 1779 1340 1844 umgnum,
1363 1759 1450 1843 rapit
1472 1758 1611 1826 alterius
1634 1763 1827 1846 coniugem,
1861 1758 2018 1825 interficit
2039 1765 2157 1840 virum,

168 1903 239 1985 An
269 1903 497 1986 habeamus
527 1904 803 1988 remissionem
833 1918 1093 2017 peceatomm
1173 1843 2159 2019 31ιῖοὲἷᾶιηῖἒὲΜῗὲαὓῗξιῗὲῗιῖειαἓωοῗιέᾞὲὲῑιρῖιῖἴζ

180 2086 255 2169 per
284 2057 431 2162 fidem.
463 2088 516 2142 an
547 2086 645 2142 vero
676 2060 1071 2172 perdilectionem
1173 2016 1679 2171 Eitiiihfhiithiaiit.
1701 2017 1858 2171 reru.
1875 2040 2158 2194 1111111111

350 2178 354 2186 ’
1172 2200 1207 2253 ut
1230 2187 1340 2255 David
1363 2188 1456 2256 tieret
1477 2186 1609 2256 adulter
1632 2206 1665 2258 ct
1685 2191 1867 2266 homicida,
1901 2194 1963 2257 sed
1984 2205 2020 2259 ut
2044 2191 2157 2279 paula·

226 2272 381 2340 Christus
410 2275 504 2341 dicit:
537 2274 679 2337 Roaiam
708 2284 779 2339 aar
806 2281 837 2340 ei
853 2286 990 2360 peccota
1011 2278 1119 2352 mado,
1171 2277 1229 2340 tim
1254 2274 1430 2342 cumulatis
1452 2280 1570 2363 poeuis
1592 2293 1626 2344 et
1648 2282 1816 2365 peccatis,
1838 2291 1968 2359 meret,
1993 2282 2081 2345 sicut
2102 2300 2157 2345 ca·

138 2365 285 2445 quonium
307 2361 424 2423 micuit
446 2360 584 2423 iimitem:
613 2374 733 2447 postea
758 2375 868 2430 tumen
893 2366 988 2431 dictu
1022 2365 1121 2427 muas
1174 2362 1251 2426 cidit
1274 2360 1369 2443 Saul,
1393 2374 1426 2427 et
1447 2365 1621 2430 intricatus
1644 2365 1774 2452 poeuis,
1798 2367 1940 2452 periret,
1964 2366 2052 2431 sicot
2074 2361 2157 2432 Saul

138 2454 194 2511 tata
216 2455 246 2511 te.
262 2447 378 2509 salvam
396 2448 487 2526 fecit.
531 2447 745 2516 Manifestum
767 2463 835 2527 est,
858 2472 923 2516 nos
945 2449 1011 2516 fide
1033 2452 1120 2518 acci·
1171 2449 1325 2534 perierat.
1370 2448 1420 2516 Eo
1442 2451 1612 2517 tendebat.

137 2554 219 2623 pere
240 2535 470 2600 remissionem
490 2548 722 2621 peccatorum
744 2538 821 2622 quia
838 2537 932 2604 dicit:
951 2538 1048 2601 lidus
1065 2547 1121 2600 tao
1257 2533 1313 2600 lta·
1342 2533 1509 2603 Diabolus
1541 2536 1664 2605 multos
1709 2551 1809 2604 vexat
1848 2538 1964 2603 eadem
1996 2549 2088 2617 arte,
2123 2549 2157 2603 et

138 2619 258 2683 saluum
275 2626 306 2683 te
323 2623 412 2701 fecit.
445 2618 489 2686 Et
511 2621 595 2687 tides
616 2644 686 2688 non
708 2635 819 2708 potest
840 2621 939 2690 simul
960 2625 1019 2691 niti
1041 2644 1119 2711 ope-
1170 2619 1270 2689 simili
1290 2620 1410 2689 fraude
1430 2624 1605 2690 insidiatur
1625 2623 1787 2712 plurimis,
1820 2636 1857 2690 ut
1878 2645 1939 2690 eos
1962 2624 2158 2710 praecipitat

138 2708 250 2786 ribus;
273 2709 350 2794 quia
365 2705 449 2773 fides
466 2704 612 2774 excludit
628 2709 818 2794 dignitatem
835 2720 995 2776 nostram.
1028 2710 1119 2778 idam
1171 2728 1214 2773 ea
1235 2729 1303 2775 uuo
1326 2706 1449 2775 delicto
1471 2711 1504 2774 in
1525 2707 1626 2777 uliud.
1659 2708 1805 2776 Primum
1827 2721 1934 2776 tentat
1956 2731 2019 2777 nos
2037 2708 2158 2791 levius,

139 2803 209 2861 est:
231 2792 440 2875 lmtificomur
452 2792 526 2874 fide,
544 2801 574 2856 ei
589 2797 791 2877 iustificanmr
800 2799 916 2879 pratis
935 2796 1075 2863 Roman.
1086 2796 1118 2863 3.
1169 2805 1208 2860 ut
1230 2815 1272 2860 ex
1294 2814 1410 2861 errore
1432 2793 1680 2883 delinquemus3
1702 2809 1822 2883 postea
1844 2797 1932 2884 rapit
1951 2800 1983 2864 in
2000 2795 2067 2863 alia
2084 2819 2157 2886 gra·

140 2878 340 2963 δικαιούμενοι
368 2878 488 2967 duprdr
513 2886 552 2967 τῇ
580 2878 669 2945 aizoi
694 2873 809 2971 χάριτι.
860 2880 904 2948 Et
929 2882 1068 2949 Roman.
1086 2884 1118 2951 4.
1169 2881 1282 2963 viorat
1317 2893 1385 2947 tum
1414 2883 1549 2949 veniunt
1570 2904 1716 2969 poenae:
1751 2904 1793 2949 ex
1814 2884 1934 2970 poenis
1955 2885 2072 2951 iterum
2088 2884 2157 2949 roi·

137 2965 218 3033 ldae
240 2987 283 3029 ex
298 2960 382 3049 βαι,
400 2974 436 3029 ui
457 2967 622 3030 rectmdum
642 2970 797 3052 gratiam,
824 2971 858 3032 in
874 2968 951 3043 ltoc,
976 2977 1013 3032 ui
1029 2972 1120 3055 firma
1170 2968 1300 3034 musio
1323 2964 1389 3034 ulta
1434 2980 1561 3035 cucata·
1590 2970 1702 3057 Saepe
1713 2969 1867 3037 homines
1879 2967 1982 3037 stulte
1992 2970 2155 3045 medendo

138 3057 182 3116 rit
197 3054 382 3137 provolutio.
427 3052 465 3121 Si
485 3054 664 3140 promissio
688 3066 780 3123 esset
808 3054 1060 3141 conditionalis;
1085 3056 1120 3123 id
1169 3052 1278 3134 matis,
1309 2991 1491 3122 cumulirmt
1512 3052 1618 3136 mala,
1651 3067 1684 3122 et
1705 3054 1788 3123 fiunt
1809 3058 1923 3142 priora
1944 3054 2034 3124 mala
2066 3057 2157 3131 dete,-

139 3151 214 3225 est,
239 3142 270 3207 si
301 3141 463 3207 niteretur
488 3151 606 3208 nostra
634 3142 810 3229 dignitate,
855 3156 947 3229 esset
978 3145 1117 3210 incerta.
1169 3140 1270 3223 riora,
1292 3153 1329 3208 ut
1350 3142 1483 3211 dieitur:

138 3225 219 3293 ideo
242 3226 499 3312 promissionem
520 3229 649 3315 gratiae
672 3241 804 3315 oportet
826 3250 905 3297 esse
929 3230 1118 3317 gratuitam.
1257 3260 1415 3328 (Ἀνακὼ
1434 3263 1510 3350 pm·
1528 3264 1690 3351 mm
1710 3264 1827 3349 pem
1850 3264 1996 3329 „idm

139 3404 214 3485 ,..·.
227 3314 845 3488 iiiiiiiiiaeiii‘iiihdiiiiii‘
859 3315 1147 3470 sititis
1263 3348 1416 3429 aaa,
1438 3369 1522 3435 Μ
1542 3353 1658 3417 mea..
1678 3370 1743 3416 που
1764 3352 1909 3436 aaa
1926 3348 2004 3432 m.

139 3509 204 3556 ero
247 3492 316 3554 non
366 3508 441 3553 amo
493 3485 631 3554 callidas
676 3500 709 3554 et
745 3500 877 3555 astutas
922 3487 1120 3557 solutiones.
1213 3489 1390 3552 Adversus
1402 3488 1497 3554 istam
1510 3486 1750 3556 multitudinem
1761 3499 1795 3556 et
1811 3488 2071 3575 magnitudinem
2082 3508 2157 3571 pec·

138 3540 211 3643 tias
240 3572 486 3662 simplicissime
521 3575 633 3641 (licere
666 3577 826 3661 potestis3
858 3576 1120 3664 Argumentatnr
1171 3585 1321 3638 catorum
1354 3574 1515 3640 debemus
1549 3572 1676 3641 habere
1707 3572 1984 3641 consolationem.
2029 3572 2158 3649 Quam?

138 3664 182 3727 ab'
204 3660 338 3727 eiieutuz
359 3658 487 3725 Dilaait
508 3660 649 3734 mudum,
678 3662 711 3727 id
735 3674 806 3742 est,
835 3660 937 3729 habat
964 3662 1062 3728 iidem
1086 3671 1120 3727 et
1171 3659 1295 3725 Gratia
1316 3660 1472 3727 anteat
1493 3681 1600 3747 supro
1621 3663 1781 3729 delictum.
1819 3660 1897 3727 lloc
1918 3661 2041 3727 dictum
2060 3661 2158 3726 debet

139 3744 360 3815 dilectionem.
415 3746 489 3812 Nec
517 3760 627 3813 tamen
653 3748 731 3813 iude
753 3750 903 3834 sequitur
910 3796 921 3829 ‚
949 3750 1040 3900 guod
1063 3749 1120 3814 de·
1171 3764 1249 3811 esse
1263 3748 1446 3813 communis
1460 3746 1589 3835 regula,
1603 3768 1689 3836 quaa
1701 3769 1834 3837 semper
1846 3749 1890 3812 sit
1907 3746 1940 3811 in
1961 3758 2158 3837 conspectu.

139 3836 218 3909 beat
238 3835 364 3901 habere
385 3833 541 3900 fiduciam
563 3855 645 3900 suae
668 3835 848 3922 dignitatis.
904 3836 951 3901 Sc
996 3837 1120 3902 bonum
1170 3830 1275 3899 F'tlius
1296 3831 1361 3898 Dei
1384 3835 1482 3899 debet
1502 3832 1609 3984 pluris
1632 3834 1724 3913 lieri,
1757 3855 1855 3921 quam
1888 3845 1994 3899 totum
2018 3850 2156 3920 reguum

140 3931 193 3987 est
210 3906 275 4007 pro
298 3920 437 3987 rudibus
460 3930 575 3985 tenere
596 3916 687 3985 illam
710 3918 920 3987 solutionem.
1172 3920 1314 4007 peccati.
1370 3916 1472 3986 lilius
1540 3922 1570 3984 ei
1603 3914 1814 3991 existimetur
1842 3922 2027 4007 potentior,
2059 3926 2156 4009 quani

226 4002 362 4092 Duplex
390 4016 444 4071 est
471 4003 652 4072 absolutio.
701 4004 778 4073 Un'a
799 4018 853 4073 est
873 4004 1043 4072 absolutio
1066 4027 1121 4072 oo·
1171 4017 1276 4072 totum
1299 4027 1438 4093 regnum
1459 4004 1606 4071 Diaboli.
1651 4006 1754 4071 Filius
1776 4004 1841 4071 Dei
1863 4026 1929 4070 non
1952 4007 2051 4072 debet
2080 4022 2156 4072 con.

138 4113 210 4159 mm
233 4090 325 4157 Deo:
354 4103 386 4157 et
413 4089 519 4157 altera
550 4090 717 4158 absolutio
741 4106 793 4159 est
816 4114 929 4159 coram
951 4090 1120 4159 Ecclesia.
1174 4093 1274 4157 temni
1328 4113 1394 4157 non
1431 4093 1532 4158 debet
1563 4093 1700 4158 iudicari
1735 4089 1875 4158 debilior
1902 4090 2060 4159 Diabolo.
2105 4090 2158 4158 m..

137 4175 317 4244 Absolutio
347 4197 459 4243 coram
486 4175 581 4258 Deo,
616 4177 653 4244 fit
681 4181 792 4246 auditu
820 4200 906 4245 voce
933 4176 1120 4266 Evangelii,
1173 4174 1238 4243 lius
1278 4138 1343 4243 Dei
1383 4190 1437 4243 ast
1503 4180 1666 4258 utentior,
1724 4200 1823 4265 quam
1863 4181 1971 4244 omnis
2009 4178 2158 4267 potentia

140 4277 173 4330 et
206 4263 271 4329 iide
304 4265 489 4349 accipiente
521 4267 751 4332 remissionem
784 4276 1016 4351 peccatorum,
1055 4286 1123 4351 qua
1173 4265 1268 4351 regui
1292 4260 1435 4330 Diaboli.
1479 4200 1556 4329 lton
1590 4266 1696 4331 debes
1730 4262 1933 4332 conculcare
1958 4261 2059 4333 tilium
2085 4262 2158 4344 Dei,

139 4352 347 4433 conscientia
380 4351 426 4415 eri
453 4352 517 4416 itur
545 4362 578 4417 et
600 4352 675 4417 acci
699 4353 724 4417 it
746 4348 1018 4419 consolationem.
1063 4351 1122 4416 At·
1173 4370 1241 4415 non
1281 4350 1384 4417 debes
1421 4370 1496 4417 eum
1539 4348 1739 4419 contumelia
1777 4348 1925 4417 allicere.
1981 4353 2029 4418 ita
2061 4346 2157 4417 ctri-

139 4448 213 4504 tera
235 4436 402 4503 absolutio
424 4372 461 4503 iit
484 4458 596 4502 coram
611 4374 784 4523 Eculesia3
800 4451 837 4504 ut
858 4434 975 4504 mulier
996 4435 1053 4503 illa
1066 4440 1123 4505 ab·
1173 4450 1248 4502 stus
1269 4436 1326 4503 hic
1350 4437 1444 4502 dicit:
1479 4434 1544 4502 tut
1562 4439 1741 4504 remittitur·
1762 4440 1908 4517 muitum,
1941 4440 1997 4503 iiie
2028 4438 2160 4525 multura

139 4520 283 4591 solvitur
304 4544 418 4589 coram
435 4520 628 4588 pharisaeo.
673 4524 716 4589 Et
737 4528 842 4592 verba
863 4522 936 4591 illa:
964 4522 1052 4605 Qum
1073 4526 1123 4591 di·
1174 4524 1237 4589 diii
1261 4524 1290 4586 ‘t.
1336 4520 1539 4589 consolatur
1569 4525 1686 4603 istum,
1712 4527 1774 4591 cui
1804 4521 1940 4590 muitum
1970 4526 2158 4600 remittitur}

139 4612 219 4677 lecit
235 4614 380 4689 multura,
413 4613 455 4677 ad
489 4606 704 4677 Pharisaeum
733 4612 898 4678 dicuntur.
943 4608 1121 4678 Absolutio
1175 4623 1209 4677 at
1254 4610 1311 4675 icit
1331 4609 1397 4675 hoc
1418 4610 1567 4677 vicissim
1588 4606 1746 4690 futurum,
1777 4610 1869 4675 utin
1891 4606 1962 4690 illo,
1984 4622 2158 4676 crescente

141 4716 255 4764 coram
288 4694 458 4773 Ecclesia,
492 4696 593 4761 debet
619 4696 666 4761 ita
695 4696 764 4763 lieri
772 4743 784 4777 ,
815 4710 850 4764 ut
872 4709 1004 4765 exstent
1024 4697 1122 4785 signa
1146 4710 1151 4730 ¹
1175 4694 1252 4769 lide,
1276 4707 1433 4761 crescant
1454 4696 1553 4762 etiam
1577 4707 1710 4779 caetera
1731 4698 1832 4777 dona,
1856 4696 1942 4761 sicut
1960 4696 2007 4762 iit.
2051 4694 2159 4764 Multa

141 4784 373 4851 conversionis
401 4784 434 4847 in
467 4780 669 4871 bominibus.
718 4783 858 4857 Quando
893 4785 967 4871 quis
1002 4786 1124 4851 retinet
1175 4795 1208 4849 et
1227 4804 1260 4849 m
1328 4794 1510 4867 upeccata
1542 4803 1609 4849 non
1631 4794 1775 4869 possunt
1807 4783 1907 4861 vinei,
1940 4782 2005 4847 nisi
2036 4790 2159 4871 mag-nti

140 4866 277 4947 ulterius
300 4868 494 4955 coniugem,
517 4864 611 4933 nullo
633 4870 732 4936 modo
755 4870 853 4936 debet
874 4867 1024 4949 absolvi3
1046 4869 1122 4959 quia
1176 4881 1210 4934 et
1232 4870 1359 4937 autenti
1382 4858 1457 4932 lide.
1502 4868 1637 4935 Ardens
1660 4880 1694 4932 et
1715 4888 1837 4957 magna
1869 4866 1954 4934 fides
1977 4872 2063 4953 parit
2090 4870 2158 4951 mii

140 4960 267 5021 tantum
289 4956 417 5022 deridet
440 4952 703 5037 absolutionem,
736 4969 770 5022 et
791 4954 857 5022 hoc
879 4966 1000 5035 totum,
1027 5030 1030 5035 ,
1057 4956 1123 5033 abd
1175 4976 1275 5045 gnam
1295 4950 1521 5035 bumilitatem,
1543 4952 1750 5021 dilectionem
1774 4967 1808 5021 et
1825 4952 2159 5043 circumspectionem

140 5040 197 5135 ibi¹
220 5044 356 5130 geritur.
401 5040 541 5116 Quando
576 5042 662 5127 quis¹
684 5062 751 5117 nou
784 5042 886 5127 habat
904 5062 979 5135 'pro'
1054 5046 1122 5115 tu'm
1174 5042 1346 5123 maiorem,
1367 5062 1465 5129 quam
1488 5052 1541 5107 est
1562 5042 1595 5107 in
1617 5038 1714 5106 aliis..
1735 5038 1800 5106 Est
1823 5040 1932 5109 dulcis
1956 5036 2158 5159 ⁰⁰⁰⁸⁰¹¹iiliii

141 5128 368 5233 cpnvgrtandi
389 5148 447 5230 se,
469 5128 530 5197 aed
544 5140 759 5229 perspyprui1
762 5128 1002 5235 inpropopffp
1020 5126 1124 5227 daliu-
1174 5124 1396 5239 pgamihodie
1419 5118 1806 5259 discite,e·ii·repe4t=itle.·“
1860 5148 1869 5193 ·.

1323 5198 1388 5255 1’.ξ’-11
1414 5198 1546 5257 ‘idulium
1683 5200 1724 5231 ’Ἰ
1782 5208 1829 5237 ¹·r:
1863 5204 1870 5217 '
1914 5190 1958 5237 ='''¹l
1987 5184 2023 5235 etl
2057 5180 2152 5245 qun!
