4620 5588
131 254 233 327 Μ
457 274 502 329 -e
811 251 817 259 ’
852 250 1070 323 Pomm
1099 246 1502 323 munumentum.
2106 256 2191 328 ‘m

152 444 229 513 dile
249 444 331 513 dicit
353 448 395 513 de
418 444 505 513 furto
539 443 692 531 simplici.
735 438 914 520 Quomodo
945 443 1152 532 iuttposst·
1175 443 1952 559 1eto.Ietnichtsocopiosespodcaeteros.
1998 444 2079 513 ltem
2101 450 2188 517 haec

167 532 247 614 bile,
270 533 301 598 si
322 532 385 599 luit
405 530 546 600 multum
566 529 715 612 iuratus,
745 533 886 599 reddere
908 529 1152 618 quadruplum?
1176 566 1179 583 ·
1203 528 1426 679 pulcherrima
1448 534 1629 597 sententia:
1658 532 1765 596 Venite
1786 532 1831 593 od
1852 552 1898 593 me
1921 551 2041 608 omno,
2066 537 2122 617 qai
2142 536 2187 597 te

167 618 206 686 ln
228 632 387 705 quantum
408 621 525 707 potuit,
547 620 689 686 redilltllt
709 617 753 684 uli
778 621 877 685 uibus
899 619 1036 697 vicinis,
1065 624 1151 705 quds
1185 646 1192 705 j
1224 621 1335 691 oratis,
1357 631 1421 682 ete.
1467 619 1558 696 ltent,
1580 618 1654 679 Sum
1675 618 1832 682 vobiscum
1859 640 1954 701 usqae
1980 619 2025 680 od
2050 641 2188 683 conam

168 707 251 772 vidit
272 706 459 772 exhaustos
479 707 551 773 suis
572 707 696 772 usone.
809 708 852 767 ist
874 704 1152 784 lucader-alles
1201 708 1368 767 mationem
1389 705 1494 767 σσαιὶἰ.
1540 703 1633 782 item,
1655 705 1728 767 Non
1758 712 1808 766 est
1831 705 1975 767 evomas
1998 710 2124 787 patris,
2150 715 2189 771 at

167 793 365 875 αίάσσριῠω
386 793 460 858 loa.
1200 799 1314 873 pereat
1334 812 1413 853 mcor
1435 790 1477 856 de
1492 790 1646 871 porculis.
1693 790 1872 857 Praeterea
1894 789 1950 857 illa
1962 789 2097 876 politica
2109 812 2187 859 sen·
2278 856 2282 867 ,

254 879 312 946 Da
331 879 431 944 stete
451 878 687 964 ἐσυκοφάντησα
731 878 919 963 &apansa
941 877 1151 964 componitur
1203 878 1317 958 tentia,
1340 898 1428 965 quae
1448 888 1500 942 est
1520 875 1756 943 munimentum
1779 880 1881 942 totius
1899 879 2025 943 ordinis
2047 879 2186 962 politici,

169 986 192 1031 a
213 966 313 1048 rosis,
336 968 369 1032 id
387 976 441 1032 set
453 970 543 1048 ficus,
561 976 596 1030 et
611 964 735 1050 odiro,
768 966 921 1041 ostendo,
951 966 1031 1051 qnia
1052 984 1152 1052 syco-
1203 966 1301 1030 etiam
1323 967 1357 1029 in
1379 962 1549 1028 Matthaeo
1570 975 1698 1030 tanturn
1712 975 1838 1031 exstat:
1863 964 1927 1035 Qui
1940 964 2085 1047 eludium
2098 984 2187 1028 ceos

192 1050 313 1118 hanua
346 1065 443 1119 erant
479 1063 722 1117 monstratores
765 1072 829 1118 seu
871 1052 1000 1117 indices
1042 1048 1151 1117 lurum
1198 1053 1297 1134 perit,
1318 1050 1429 1133 plodio
1446 1049 1601 1132 peribit·

168 1075 302 1218 lenum,
326 1140 380 1201 dte
396 1159 467 1201 moa
488 1145 603 1221 poetri
633 1139 691 1200 leat
722 1141 757 1199 in
787 1139 842 1200 elie
863 1145 994 1221 purten,
1012 1148 1050 1202 ut
1070 1137 1151 1201 indi·
1289 1136 1426 1203 Marcus
1449 1136 1510 1201 l'uit
1531 1134 1622 1208 filius
1639 1137 1768 1202 sororis
1792 1136 1891 1202 l'etri,
1935 1136 1972 1201 ln
1994 1134 2187 1203 elusEvsu·

169 1235 246 1290 cent
268 1246 341 1304 eos,
363 1226 420 1311 qui
437 1225 591 1293 iurantur
610 1223 713 1292 licus:
737 1225 820 1288 ἅσσα
840 1224 990 1297 mador
1004 1223 1061 1285 hat
1082 1244 1153 1285 moa
1204 1221 1294 1312 gello
1316 1234 1369 1289 est
1390 1222 1476 1288 haec
1498 1220 1693 1288 dulcissima
1714 1223 1894 1289 sententia:
1913 1221 2019 1285 Credo
2040 1223 2185 1298 Dandae

169 1314 258 1373 sinen
278 1332 410 1394 proram
429 1310 548 1373 haudd
565 1313 621 1372 mit
633 1314 742 1395 [ripen
752 1311 874 1394 paludi.
918 1311 994 1376 Nun
1014 1310 1089 1372 sind
1099 1309 1154 1375 die
1204 1311 1262 1373 sed
1284 1330 1373 1392 opem
1390 1311 1443 1389 fer
1465 1308 1674 1370 imbecillitati
1694 1329 1788 1370 meae.
1835 1311 1974 1393 Semper
1992 1311 2122 1376 debetis
2138 1319 2186 1377 st·

169 1400 329 1465 custodes
352 1398 535 1481 pardalicis
567 1398 657 1459 boses
688 1398 785 1460 baben
811 1405 949 1481 prout,
981 1410 1015 1462 et
1031 1416 1152 1482 saepe
1203 1410 1320 1464 texere
1347 1398 1445 1462 istam
1471 1396 1669 1460 sententiam
1696 1408 1830 1462 vestrae
1851 1397 2047 1482 precationi.
2091 1399 2187 1463 sam·

167 1482 290 1551 multos
312 1482 401 1550 laiso
422 1495 676 1551 accusaverunt
719 1483 801 1551 lude
821 1481 1153 1571 posteovocahulum
1204 1502 1279 1550 mus
1301 1480 1423 1562 cultus,
1446 1493 1479 1546 et
1500 1478 1729 1547 difficillimum
1750 1502 1836 1566 opus
1860 1493 1914 1546 est
1935 1485 2095 1568 precatio,
2116 1503 2185 1549 non

168 1580 353 1656 συκοφαντία
375 1581 569 1657 usurpatum
586 1581 651 1651 est,
673 1590 735 1657 pro
753 1569 899 1657 διαβολαὶ,
931 1568 1021 1638 falsa
1044 1570 1152 1634 crimi·
1203 1582 1332 1636 tantum
1354 1570 1397 1634 de
1414 1567 1545 1640 affectu,
1558 1569 1619 1631 sed
1633 1570 1730 1633 etiam
1742 1568 1784 1634 de
1795 1569 1997 1655 cogitatione
2007 1566 2185 1655 loquendo.

169 1661 272 1736 natio,
293 1658 478 1724 accusatio.
521 1656 567 1722 So
589 1657 688 1720 heom
716 1658 769 1720 die
791 1655 963 1724 Publiceni
995 1656 1050 1721 aa
1071 1660 1153 1718 terete
1204 1657 1297 1736 item,
1319 1654 1431 1718 Bonae
1452 1661 1500 1717 ert
1520 1654 1578 1728 sel,
1600 1672 1721 1736 semper
1737 1655 1847 1717 habete
1862 1655 1960 1716 acteo
1981 1657 2015 1716 ia
2031 1655 2135 1717 ochis.-
2151 1656 2186 1721 id

168 1743 257 1806 nield
278 1743 374 1805 aldeis
394 1743 545 1825 detropeu
564 1747 621 1806 mit
640 1743 774 1818 cochem
795 1744 933 1807 eoadem
954 1743 1034 1805 auch
1055 1740 1151 1809 falsis
1204 1755 1269 1823 est,
1291 1764 1406 1808 veram
1430 1742 1614 1807 doctrinam
1642 1753 1834 1828 arguentem
1877 1754 2023 1822 seccato,
2051 1753 2083 1807 et
2110 1761 2187 1827 pro·

169 1832 464 1908 remotionibus,
497 1834 557 1894 oie
589 1851 623 1892 ea
656 1833 699 1892 ira
731 1830 947 1893 Niederloode
978 1828 1151 1913 peselicbi,
1204 1828 1372 1897 bibentem
1394 1829 1605 1894 securitatem
1628 1828 1810 1907 carnalem,
1829 1763 1883 1892 vel
1901 1827 2185 1912 putrefactionem.

168 1937 259 1979 wem
279 1915 472 1978 oisterrich
492 1920 546 1996 ist,
567 1938 605 1980 eo
625 1916 770 2001 dellopet
789 1937 861 1979 mon
882 1917 994 1990 timer
1009 1937 1067 2002 ray
1076 1915 1152 1978 lae-
1290 1916 1327 1981 ln
1349 1915 1444 1981 Luca
1464 1910 1643 2001 peculiaria
1665 1925 1755 1995 sunt,
1800 1915 1972 1998 rincipium
1993 1916 2036 1980 de
2057 1913 2186 1981 Zacha-

168 2001 298 2084 resset,
318 2002 386 2065 aad
404 2003 501 2064 morbi
516 2002 579 2064 {hm
601 2007 824 2085 estnequam,
869 2025 946 2070 uam
967 2013 1078 2069 tamen
1096 2004 1153 2069 de·
1203 2004 1265 2069 ria.
1310 2001 1401 2080 item,
1424 2001 1539 2065 missin
1562 1997 1674 2086 angeli
1695 2003 1736 2065 ad
1795 2001 1915 2065 amatu:
1938 2002 2028 2081 item,
2047 2001 2187 2069 historia

170 2087 327 2156 lationem
349 2086 405 2156 vel
426 2091 672 2176 inquisitionem
694 2089 838 2157 Carolus
848 2025 927 2170 qv„
957 2100 1036 2154 ante
1062 2091 1154 2155 bien·
1205 2092 1248 2155 de
1269 2088 1478 2155 Samaritano
1498 2098 1531 2150 et
1553 2085 1623 2150 filio
1645 2089 1798 2174 prodigo,
1821 2090 1864 2146 ist
1884 2087 1972 2149 nicht
1993 2090 2027 2146 in
2049 2088 2186 2153 eodm:

170 2174 260 2240 nium
304 2175 472 2255 cohibuit,
507 2194 581 2243 cum
614 2197 689 2244 earn
721 2175 847 2244 vellent
872 2177 1048 2243 instituere
1067 2174 1153 2241 The·
1204 2166 1304 2242 etiam
1326 2169 1525 2262 genealogia
1543 2172 1668 2261 ¹Christi
1692 2190 1744 2239 est.
1765 2174 1926 2258 integrior
1936 2175 2025 2259 apud
2048 2174 2185 2249 Lucam,

168 2257 262 2349 ologi
282 2197 524 2328 lovanienses·
1204 2282 1305 2349 quum
1326 2262 1414 2346 apud
1436 2258 1652 2324 Matthaeum.
1695 2258 1808 2325 Lucas
1829 2260 1889 2327 ihlt
1910 2258 2086 2345 professor
2107 2260 2185 2328 dua

1017 2374 1022 2381 ·
1205 2369 1278 2413 rum
1301 2347 1553 2433 praecipuarum
1576 2347 1821 2426 doctrinarum,
1842 2347 1875 2411 id
1910 2360 1983 2420 est,
2017 2348 2188 2414 doctrinae

420 2452 482 2518 Ex
502 2451 609 2518 ¹Aug
630 2449 902 2517 Rflgpsopffi,
1142 2434 1145 2438 ’
1204 2432 1391 2522 Ecclesiae,
1414 2434 1486 2498 sive
1509 2432 1679 2496 doctrinae
1708 2434 1750 2498 de
1773 2432 1864 2510 Deo,
1892 2445 1925 2497 et
1953 2429 2015 2498 suit
2035 2432 2187 2498 Medicus

1177 2510 1247 2586 'ac
1270 2520 1459 2606 Physicus,
1490 2518 1552 2582 fuit
1580 2516 1756 2602 professor
1786 2519 1959 2583 doctrinae
1993 2522 2035 2585 de
2068 2532 2187 2585 natura

256 2607 368 2675 Lucas
406 2604 469 2673 fuit
502 2606 744 2673 Antiochenus.
798 2605 862 2672 Est
898 2620 1008 2672 antem
1038 2605 1154 2671 Antio·
1204 2625 1325 2671 rerum.
1370 2604 1408 2669 ln
1430 2604 1618 2670 hominibus
1646 2605 1711 2671 iam
1747 2605 1949 2670 confirmatis
1982 2618 2017 2671 et
2049 2607 2187 2672 eruditis

171 2694 248 2761 chio
268 2691 464 2780 metropolis
486 2692 615 2781 Syriae.
659 2693 709 2754 let
730 2693 784 2754 die
805 2691 915 2764 stadt,
949 2692 1004 2754 die
1037 2691 1081 2752 da
1112 2693 1154 2753 ist
1205 2694 1248 2758 de
1270 2692 1422 2758 doctrina
1445 2688 1632 2770 Ecclesiae,
1655 2688 1779 2756 multae
1800 2704 1879 2757 sunt
1896 2691 2187 2758 commonefactio·

171 2789 285 2865 peceat
306 2783 467 2847 terminus
489 2782 563 2847 eius
584 2781 794 2868 tractus,qui
814 2779 875 2846 luit
897 2780 1076 2844 attributos
1096 2799 1154 2866 po·
1204 2798 1266 2843 nes
1288 2781 1322 2843 in
1343 2790 1463 2844 natura
1485 2796 1606 2857 rerum,
1629 2799 1716 2863 quae
1738 2776 1861 2843 talibus
1883 2791 2037 2864 prosunt,
2059 2791 2093 2845 et
2110 2798 2186 2845 con·

168 2866 250 2953 pulo
274 2865 389 2934 lsrael.
434 2867 517 2931 illan
538 2867 594 2928 hat
615 2870 662 2928 sio
692 2875 780 2930 sonat
813 2866 955 2932 llemath
984 2865 1153 2948 pedamen,
1207 2864 1340 2930 firmant
1361 2862 1460 2930 tales.
1505 2863 1688 2943 Abraham,
1710 2863 1817 2944 isaac,
1835 2864 1948 2944 lacob,
1970 2863 2188 2951 sueruntpro·

168 2957 203 3021 id
225 2965 291 3035 est,
312 2955 507 3041 indignatio,
530 2950 634 3021 furor.
677 2953 841 3021 Seleucus
860 2954 916 3018 het
938 2951 989 3013 ihr
1009 2950 1154 3015 dennab-
1205 2948 1356 3018 sessione
1377 2950 1515 3026 Medici,
1537 2964 1571 3015 et
1592 2961 1713 3037 postea
1734 2952 1798 3016 hac
1821 2953 2002 3017 occasione
2024 2961 2188 3020 venerunt

168 3061 237 3106 metr
259 3040 441 3107 Antiochia
462 3041 660 3125 Μούσῃσι
688 3045 820 3110 nomine
852 3040 921 3109 filii.
966 3037 1154 3106 Antiochus
1205 3040 1249 3105 ad
1271 3040 1452 3124 principes,
1476 3052 1510 3102 et
1532 3038 1717 3103 docuerunt
1738 3038 1922 3104 doctrinam
1945 3040 1988 3105 de
2009 3038 2096 3105 Deo.
2119 3039 2188 3106 De·
2299 3074 2302 3081 ·

168 3139 224 3193 est
244 3127 499 3193 Macedonicum
521 3147 654 3207 nornen,
675 3130 709 3194 id
731 3142 802 3203 est,
826 3131 967 3211 vindex,
990 3137 1152 3209 assertor,
1206 3127 1294 3194 betis
1315 3123 1431 3213 legere
1453 3134 1578 3190 textum
1601 3122 1766 3189 Graecum
1789 3123 2089 3213 Evangelistarurn.

168 3215 228 3279 da·
248 3216 300 3275 sin
320 3221 435 3285 rettet,
469 3216 513 3279 ab
545 3213 684 3297 ἀπέχειν.
734 3215 847 3282 Lucas
881 3218 1153 3299 octuagenarins,

167 3299 231 3365 fuit
252 3318 439 3384 suspensus
461 3304 504 3365 ah
528 3298 611 3365 olea.
666 3300 825 3382 Thebae,
859 3304 913 3364 die
945 3303 1022 3364 tolle
1053 3303 1153 3376 stadt,

168 3385 226 3446 tot
247 3384 301 3444 ibn
323 3387 543 3466 auffpefresren
555 3432 566 3465 ‚
599 3389 673 3448 sind
699 3388 796 3469 probe
813 3389 949 3468 firnclten
972 3410 1007 3451 zu
1028 3387 1153 3454 Thebis

168 3478 294 3553 pareest,
318 3471 363 3533 do
385 3474 429 3531 ist
459 3472 517 3533 der
547 3480 623 3553 pote
643 3474 721 3536 Mea
753 3473 905 3557 pelemclct
936 3475 1085 3549 mordet,
1120 3484 1154 3540 et
1291 3474 1433 3547 Quando
1456 3477 1538 3540 estis
1567 3471 1765 3559 intemplo,
1799 3478 2026 3543 excitatores
2050 3479 2188 3568 adpre·

194 3558 302 3621 uidem
324 3560 606 3643 octuagenarius.'
639 3556 764 3625 Docuit
794 3572 892 3625 antea
924 3561 957 3625 in
980 3560 1086 3639 Asia,
1120 3560 1154 3626 et
1205 3562 1368 3625 rationem
1381 3559 1525 3629 lectione
1536 3572 1692 3627 textuum.
1726 3562 1860 3650 hiemini
1873 3584 1937 3650 ego
1950 3565 1992 3630 de
2005 3563 2188 3652 Gopnione,

168 3576 232 3709 luit
254 3661 369 3708 comes
391 3641 497 3709 Pauli.
552 3642 719 3710 lohannes
750 3657 804 3710 est
836 3657 987 3712 mortuus
1021 3646 1154 3731 placide
1205 3666 1279 3712 cum
1301 3648 1335 3710 in
1356 3647 1522 3714 lnsbruck
1543 3661 1635 3714 essct
1653 3651 1686 3712 in
1709 3645 1877 3736 legatione
1899 3653 1940 3716 ed
1953 3651 2188 3739 imperatorem

162 3741 279 3796 ⁴morte
299 3728 435 3813 Ephesi.
466 3726 656 3796 Matthaeus
680 3733 793 3798 docuit
814 3734 848 3797 in
871 3731 1048 3818 Aethiopia
1066 3729 1154 3798 inl'ra
1204 3732 1486 3814 Maximianum,
1507 3733 1622 3800 habuit
1641 3754 1769 3801 -secom
1792 3757 1914 3803 novum
1936 3736 2187 3808 Testamentum

171 3817 388 3966 Aegyptum,
421 3827 454 3880 et
474 3816 519 3881 lbi
541 3816 700 3882 bitumine
719 3814 877 3905 perfusus
899 3829 953 3884 est
973 3839 1088 3885 coram
1109 3815 1154 3885 ul·
1205 3818 1382 3892 Graccum,
1404 3822 1516 3888 aureis
1538 3819 1642 3887 literis
1670 3823 1838 3907 seriptum.
1884 3822 1991 3889 llodie
2018 3836 2071 3890 est
2091 3827 2187 3893 Basi-

172 3902 268 3968 terii
293 3896 479 3967 ololatrico·
522 3901 676 3969 Bitnmen
708 3925 910 3982 accensum,
945 3907 1154 3992 consumpsit
1204 3903 1278 3971 leae
1300 3905 1357 3972 ille
1378 3904 1484 3986 liber,
1519 3909 1596 3994 quia
1628 3910 1816 3992 pertinebat
1841 3911 1885 3975 ad
1907 3906 1996 3976 illam
2015 3911 2186 3980 Scholam.

171 3989 264 4074 prius
285 3984 379 4053 idola
395 3989 664 4070 circumstantia,
696 4002 815 4077 postea
846 3991 920 4077 ipse
947 4011 1081 4078 quoque
1103 4003 1154 4058 est
1205 3991 1381 4074 (Erasmus
1414 3995 1513 4059 etiam
1533 3990 1615 4060 facit
1643 3997 1840 4061 mentionem
1868 3993 1957 4062 illius
1984 3998 2079 4077 libri,
2131 3998 2184 4066 ula

172 4084 333 4141 mortuus·
376 4073 513 4141 Marcus
541 4075 654 4140 docuit
683 4077 717 4142 in
739 4074 873 4164 Cyrene
895 4079 981 4143 inter
1002 4076 1152 4145 Africam
1175 4126 1178 4143 .
1202 4080 1275 4165 ipse
1297 4100 1431 4167 quoque
1447 4100 1530 4146 usus
1554 4094 1607 4146 est
1635 4103 1676 4147 eo
1705 4078 1792 4147 libro
1815 4083 1848 4146 in
1871 4085 2101 4151 emendatione
2152 4105 2185 4152 e·

1335 3247 1380 3311 Et
1400 3269 1581 3331 qrcurnpuum
1603 3268 1701 3329 sapor
1718 3254 1765 3309 est
1788 3247 1897 3311 oblatu
1913 3248 2066 3311 detlciseb
2084 3247 2187 3312 undu:

1336 3333 1468 3398 Grotius
1489 3355 1530 3396 ex
1550 3337 1622 3416 ἔρσα
1640 3335 1732 3413 fonte
1754 3335 1899 3399 bibuntur
1917 3354 2025 3418 equus.

171 4170 206 4227 et
228 4161 279 4226 As
322 4169 430 4309 ptum.
474 4161 549 4228 Fuit
570 4163 841 4249 Argonautarum
866 4161 1010 4245 colonia,
1032 4177 1153 4251 postea
1174 4147 1178 4309 j
1202 4167 1354 4232 sumenti
1378 4166 1478 4253 Novi)
1500 4162 1712 4234 Adstiteront
1744 4189 1846 4254 prope
1879 4167 2098 4257 Gapnionem'
2116 4173 2184 4239 duo

170 4247 269 4311 rediit
335 4247 538 4327 menonem,
560 4251 748 4323 ettendem
770 4236 922 4338 raptatus
942 4270 1004 4338 per
1023 4254 1151 4329 urbem,
1202 4249 1322 4318 Veneti
1344 4249 1459 4345 legati,
1482 4264 1516 4320 et
1539 4254 1620 4319 dixit
1641 4275 1728 4320 unus
1750 4255 1793 4321 ad
1815 4253 1972 4322 alterum:
2001 4256 2102 4330 Ecce,
2129 4261 2185 4344 pat
2233 4327 2238 4338 ,

32 4374 38 4385 .
169 4344 224 4398 est
245 4331 458 4400 intersectuse
476 4352 512 4396 er
532 4336 576 4395 ist
595 4335 770 4417 pembldfft
790 4337 920 4402 worden
940 4356 1001 4422 per
1021 4339 1151 4417 urbem,
1174 4348 1177 4421 ξ
1200 4338 1260 4400 aas
1277 4339 1387 4401 literas
1407 4347 1531 4412 nonant,
1562 4348 1633 4402 nott
1664 4345 1699 4403 ia
1722 4340 1889 4406 Gerrnoaio
1922 4346 2063 4426 occeptir
2095 4344 2185 4428 opud

169 4427 203 4483 et
218 4418 564 4571 possteahinterleetpp.
612 4516 625 4570 t
798 4509 850 4574 sin
953 4509 975 4574 d
1015 4510 1025 4529 ο
1173 4432 1260 4533 {aas
1279 4425 1382 4532 Italos
1444 4434 1600 4534 ouantem
1645 4426 1770 4497 Postea
1803 4431 1892 4503 uenit
1918 4451 1992 4497 eum
2014 4431 2097 4519 ipsis
2121 4431 2183 4500 Cs-

168 4526 356 4656 ‚annila
369 4524 611 4678 imile?
625 4526 800 4659 ratiti
822 4519 959 4681 ,niti
997 4506 1151 4664 *tt‘tit
1172 4594 1176 4677 ,ι
1200 4531 1279 4595 ¹¹¹¹¹⁰
1298 4533 1333 4578 ¹¹¹
1356 4534 1397 4580 ⁰⁰
1427 4535 1570 4600 ⁰‘¹¹¹¹¹¹¹¹¹'

168 4684 275 4753 teres,
297 4677 375 4762 quia
397 4676 502 4745 voluit
522 4680 650 4746 addere
681 4680 842 4768 quaedam
876 4685 975 4770 singu
990 4682 1082 4773 aria,
1116 4692 1175 4771 et}
1307 4683 1531 4753 DOllllNlCA
1555 4684 1648 4753 XXl.
1682 4684 1795 4752 POST
1821 4685 2077 4755 TRlNlTATlS.

167 4763 408 4850 propemodum
440 4765 571 4849 omnia,
605 4784 692 4853 quae
724 4778 803 4832 sunt
836 4770 925 4854 apud
957 4766 1175 4849 iohannem}
1414 4805 1529 4872 Eva„
1567 4780 1690 4874 emim
1720 4805 1957 4875 lohann334

168 4857 247 4951 aare
279 4850 408 4914 omisa
428 4870 450 4916 a
470 4852 628 4958 mergas.
684 4851 754 4920 eea
786 4854 937 4941 tapnim
969 4852 1149 4921 thesemo
1537 4828 1560 4894 ⁸
1958 4856 1967 4875 ·

166 4931 787 5118 mepplluffiffichlegflaeffiomde
804 5026 937 5112 mhi
961 5023 1148 5117 lumem
1199 4955 1244 5023 R
1261 4966 1331 5023 erut
1347 4960 1475 5044 poclum
1495 4976 1729 5131 νεφῖἰνησὲιὲζ
1743 4962 1830 5115 {aar
1853 4964 2039 5048 aegrotabat
2064 4969 2099 5034 in
2120 4967 2181 5035 ca

115 5115 118 5121 ·
157 5103 691 5201 mortemeritememcmtnm
704 5108 1056 5199 noste-expositioh
1139 5136 1154 5177 .-
1205 5118 1265 5159 ·····³
1293 5138 1327 5156 ··
1480 5194 1483 5199 ¹
1594 5130 1597 5138 ·
1853 5196 1857 5201 ,

158 5184 1038 5285 datiqubdtssrm-estetslssrstteetsteistsssslml
1137 5245 1177 5283 ,,
1285 5200 1527 5285 Βασιλισός,.’1ᾶ
1550 5196 1892 5292 astructorem,
1913 5203 2054 5277 subcus.
2098 5210 2184 5273 Fae-

920 5374 926 5386 ι
1828 5321 1890 5376 Q·
2286 5327 2289 5331 ¹
