4620 5588
132 221 217 317 aua,
658 300 662 307 ,
818 217 1036 287 rosrruun
1061 216 1460 289 mrumruomnnt.
1521 179 1525 185 “
2081 222 2150 295 ere

133 411 294 479 haduae
326 411 474 481 exhibita
505 424 592 479 sunt.
658 410 845 479 Debebetis
877 410 978 498 igitur
1010 429 1115 477 nosse
1162 410 1321 477 tationem
1351 430 1547 497 pauperum:
1581 412 1634 477 eia
1660 411 1840 490 Aruinae
1878 413 1957 499 qula
1989 414 2056 482 alta
2080 413 2143 483 fuit

132 500 388 586 descriptionem
409 496 499 565 illius
522 508 645 578 terrae,
664 519 733 563 non
753 495 852 564 eliter
871 517 972 585 quam
993 497 1115 584 oppida
1161 497 1196 560 in
1217 493 1303 563 locis
1321 499 1429 563 minus
1451 494 1564 577 cultis,
1586 517 1674 585 quae
1695 500 1785 566 dicta
1806 511 1884 565 sunt
1901 500 2053 578 desuem·
2072 521 2143 568 non
2225 580 2229 585 ¹

131 599 163 655 et
183 587 304 654 domus
327 598 472 667 vestras,
494 588 528 653 in
573 586 671 652 uibus
693 587 761 651 nati
783 585 877 650 estis.
1162 584 1252 670 quod
1285 603 1383 649 nemo
1421 583 1590 651 bominum
1622 586 1668 651 ibi
1699 584 1921 665 habitaverit,
1962 585 2018 655 vel
2051 590 2142 676 quod

214 671 327 742 Credo
350 694 418 739 non
440 608 679 741 fuissehomm
700 668 794 739 ullibi
816 672 849 736 in
871 670 970 737 terris
992 670 1044 736 sic
1060 690 1113 735 or·
1161 667 1243 735 nulli
1272 672 1350 758 pegi
1381 682 1440 738 aut
1472 672 1594 757 oppida
1622 671 1667 737 lbi
1689 669 1829 738 fuerint:
1863 674 1925 739 sed
1958 675 2049 825 quod
2071 695 2141 742 uon

129 770 241 829 natum
264 761 421 846 pretiosis
443 763 563 841 rebus,
596 759 769 839 remediis,
803 768 837 824 et
857 753 1022 825 fructibus
1046 768 1112 822 tam
1159 755 1260 823 fuerit
1292 760 1408 824 cadem
1429 759 1614 824 amoenitas
1636 769 1671 824 et
1691 756 1863 839 fertilitas,
1895 762 2005 845 queis
2025 758 2087 827 fuit
2106 763 2142 829 in

128 850 322 999 generosis,
355 861 391 915 ut
424 845 614 915 Palaestina
640 843 712 912 fuit.
755 845 912 934 Augusto
934 844 1112 932 quotannis
1159 840 1235 909 aliis
1257 846 1409 930 partibus
1430 842 1573 911 Iudaeae
1591 856 1623 911 et
1644 842 1826 911 Galilaeae.
1870 846 1951 913 lude
1973 847 2070 914 etiam
2091 868 2142 915 re·

140 935 204 999 ndo
225 936 352 1001 nrissae
383 946 463 1001 sunt
490 931 665 1021 palmulae.
710 930 868 1018 Pompeio
891 931 925 997 ln
947 931 1111 1016 triumpho
1160 931 1215 1016 gio
1233 932 1297 997 ista
1314 933 1436 1011 vicina,
1459 931 1548 997 dicta
1566 931 1627 999 fuit
1639 930 1862 1012 Trachonitis,
1883 935 1926 999 ab
1944 937 2142 1019 asperitates
2185 956 2189 963 ·

130 1020 171 1085 de
192 1018 293 1108 Syria
314 1033 489 1107 occupata,
521 1019 692 1107 praelatae
723 1015 857 1087 fuerunt
879 1017 1018 1085 frondes
1041 1015 1110 1084 bal·
1161 1018 1239 1102 quia
1265 1015 1400 1085 fuerunt
1430 1014 1508 1085 loca
1538 1016 1675 1085 horride
1708 1031 1741 1085 ct
1775 1016 1996 1107 confragosa,
2029 1018 2141 1107 qualia
2262 1026 2271 1043 ⁰

129 1106 223 1173 sami.
1160 1116 1238 1169 sunt
1254 1106 1287 1169 in
1310 1116 1419 1171 tractu
1440 1104 1609 1185 Harelnitt,
1628 1106 1720 1171 circa
1736 1106 1962 1174 Northustum.

223 1191 293 1259 Sed
325 1195 474 1280 inprimis
507 1205 643 1281 propter
674 1194 919 1259 invocationem
950 1191 1110 1258 debemus
1246 1192 1338 1258 Loca
1370 1192 1454 1257 inter
1486 1204 1644 1259 montana
1675 1190 1871 1280 plerumque
1897 1205 1975 1259 sunt
1993 1196 2049 1279 pin
2074 1194 2141 1260 nis·

128 1276 254 1345 referre
288 1296 429 1346 mentem
460 1293 492 1347 et
516 1279 635 1346 oculos
658 1278 702 1345 ad
723 1276 781 1345 illu
803 1278 910 1358 locu,
930 1279 965 1343 in
987 1279 1109 1365 quibus
1159 1279 1243 1344 sima
1276 1290 1308 1343 et
1341 1278 1524 1358 uberrima,
1558 1289 1594 1345 ut
1624 1276 1808 1366 Thuringia
1835 1277 1939 1345 babet
1967 1284 2010 1346 ab
2069 1293 2141 1347 tera

127 1365 230 1432 Filius
254 1367 337 1447 Dei,
369 1367 535 1433 Dominus
565 1380 678 1431 noster
701 1362 795 1431 lesus
818 1362 972 1431 Christus
996 1386 1109 1431 versu·
1158 1376 1252 1449 purte
1274 1364 1390 1445 silves,
1413 1366 1478 1431 dett
1503 1362 1687 1451 Thurinpet·
1706 1364 1812 1432 Watd.
1845 1365 1896 1431 Ex
1919 1366 2025 1433 altera
2046 1378 2142 1453 parte

127 1465 180 1517 tus
204 1464 267 1533 ast,
291 1466 325 1519 et
347 1455 472 1532 (locuit,
495 1466 528 1520 et
550 1454 737 1518 testimonia
759 1450 993 1518 miraculorum
1016 1451 1108 1516 atlrli·
1158 1450 1258 1517 babet
1280 1465 1410 1518 montes
1432 1450 1653 1517 Bohemicosr
1682 1454 1759 1519 ideo
1781 1451 1879 1518 vallis
1901 1455 1934 1519 in
1958 1454 2065 1519 medio
2089 1465 2142 1519 cst

128 1538 191 1615 dite
224 1542 301 1626 quia
329 1560 462 1626 semper
495 1541 527 1604 in
549 1541 762 1606 invocatione
784 1539 956 1624 dirigenda
978 1549 1030 1602 est
1054 1559 1108 1603 co·
1158 1540 1324 1604 uberrima
1347 1550 1379 1603 et
1400 1534 1623 1615 feracissima3
1658 1541 1735 1625 quia
1768 1560 1812 1605 ex
1841 1541 2009 1606 montibus
2030 1538 2142 1628 liquor

127 1627 242 1711 gitatio
260 1627 303 1693 ud
323 1626 414 1693 bunc
436 1625 557 1704 Deum,
581 1628 689 1713 quise
711 1622 866 1711 patefecit
887 1625 990 1691 missu
1013 1621 1108 1703 Filio,
1159 1626 1244 1691 bene
1277 1637 1395 1690 coctus
1423 1624 1533 1691 influit
1562 1627 1595 1690 in
1619 1627 1728 1691 media
1755 1625 1843 1691 loca.
1886 1625 1945 1692 Sic
1968 1625 2088 1693 iudaea
2105 1637 2141 1692 et

128 1724 159 1776 et
180 1712 257 1779 dato
279 1712 346 1779 boc
367 1716 482 1778 verbo.
1159 1709 1310 1777 Galilaea
1333 1722 1429 1778 erant
1449 1710 1527 1776 loca
1549 1713 1726 1792 uberrima,
1762 1722 1899 1798 propter
1920 1713 1998 1800 iuga
2020 1713 2140 1779 Libani

209 1797 303 1868 Even
330 1797 426 1866 eliste
458 1801 491 1863 in
524 1797 589 1864 bac
622 1796 761 1864 historia
792 1796 874 1864 facit
907 1798 1108 1862 mentionem
1160 1799 1279 1864 vicina.

126 1881 292 1953 Dalmanu
330 1907 383 1965 ae,
417 1906 505 1971 quae
525 1906 592 1951 uon
614 1882 733 1972 procul
755 1882 861 1952 abfuit
881 1905 902 1950 e
924 1882 1106 1950 Damasco.
1243 1881 1489 1950 Dalmenutbae
1512 1905 1634 1951 nomen
1655 1896 1709 1949 est
1730 1885 1936 1951 conveniens
1952 1883 2140 1953 Ecclesiae.

1156 1970 1241 2036 Nam
1255 1968 1407 2037 Ecclesia
1429 1991 1509 2037 vere
1530 1983 1584 2036 est
1605 1968 1806 2039 domicilium
1829 1981 1862 2038 et
1886 1973 2043 2037 habitatio
2060 1993 2139 2058 pau·

1158 2077 1285 2142 perum,
1307 2072 1341 2124 et
1362 2071 1472 2123 tamen
1495 2069 1719 2125 commoratur
1740 2059 1783 2123 ibi
1795 2055 1961 2137 Christus,
1982 2068 2016 2124 et
2031 2059 2140 2144 pascit

1160 2144 1329 2210 auditores
1362 2165 1445 2209 suos
1473 2143 1688 2209 miraculose.
1745 2144 1887 2231 lmpcria'
1915 2145 2029 2211 mundi
2059 2155 2139 2211 sunt

231 2217 342 2323 Quid
372 2221 572 2332 significat
601 2249 753 2303 nomen
783 2218 1001 2303 Damasci?
1159 2227 1366 2311 Damascus3
1399 2243 1478 2296 sunt
1499 2232 1662 2318 quaedam
1682 2228 1831 2310 laniena,
1870 2232 1958 2297 siout
1987 2232 2139 2297 videmus
2232 2297 2236 2303 ,

1158 2318 1191 2380 in
1212 2315 1360 2383 historiis
1383 2320 1528 2383 omnium
1550 2328 1750 2401 temporum,
1782 2318 1873 2402 quod
1896 2317 2038 2402 imperia
2060 2336 2140 2383 con·

211 2400 426 2489 Respondeo.
471 2402 660 2471 Damascus
693 2400 859 2489 significat
880 2420 1010 2468 soccum
1031 2418 1107 2467 rett-
1158 2405 1284 2475 stituta‚
1296 2414 1408 2482 aucta,
1420 2413 1456 2469 et
1465 2422 1582 2467 rursus
1599 2404 1770 2469 destructa
1787 2406 1854 2468 sint
1872 2403 1979 2469 effuso
1998 2404 2139 2489 copioso

123 2488 252 2574 prdem,
291 2492 513 2577 undecunque
547 2491 641 2576 origo
675 2486 907 2576 appellationis
941 2502 1020 2553 nate
1051 2488 1106 2553 sit.
1158 2490 1320 2594 sanquine
1341 2488 1499 2555 humano.
1543 2488 1580 2553 ln
1602 2488 1721 2555 borum
1749 2487 1942 2557 tumultibus
1972 2491 2058 2557 iacet
2075 2488 2139 2557 Eo·

124 2572 227 2661 Alqui
261 2576 376 2647 dicunt
408 2578 440 2641 in
473 2574 533 2644 illa
560 2576 682 2644 vicinia
708 2575 877 2640 conditum
899 2594 977 2641 asse
997 2573 1107 2640 Adam
1158 2574 1274 2656 clesra,
1296 2586 1329 2641 et
1351 2587 1502 2642 vastatur
1522 2596 1564 2642 ac
1587 2586 1778 2643 cruentatur
1798 2578 1874 2662 ipsa
1897 2596 2044 2665 quoque,
2075 2576 2141 2643 sed

125 2679 168 2727 ex
199 2664 302 2729 rubra
335 2676 434 2731 terra.
481 2662 525 2727 Et
557 2672 818 2729 consentaneum
852 2670 905 2728 est
933 2662 979 2726 ibi
1000 2656 1107 2728 fuisse
1159 2674 1269 2730 temen
1292 2673 1511 2729 conservatur
1533 2662 1699 2729 divinitus.

125 2747 337 2822 Paradisum,
370 2752 448 2838 quia
469 2747 528 2817 illa
548 2747 646 2816 locus
667 2762 721 2815 est
742 2749 815 2814 fere
836 2748 979 2815 medium
999 2759 1108 2813 terrae
1242 2747 1427 2836 Decapolis
1448 2745 1509 2816 fuit
1529 2759 1656 2815 tractus
1678 2749 1847 2837 regionis,
1880 2771 1969 2837 quae
1990 2750 2139 2817 contine·

124 2830 304 2901 habitatae.
349 2836 392 2903 Et
413 2838 465 2905 sic
497 2834 648 2941 plerique
680 2839 849 2914 scribunt,
883 2831 1107 2900 Palaestinam
1160 2838 1216 2903 bat
1242 2837 1359 2902 decem
1386 2837 1508 2914 urbes,
1538 2835 1625 2902 inter
1660 2834 1860 2903 Damascum
1892 2847 1925 2901 et
1952 2836 2141 2918 Iordanem,

123 2918 231 2988 fuisse
251 2924 492 3009 propemodum
514 2922 657 2989 medium
679 2923 809 3001 mundi,
832 2921 922 3008 quod
944 2918 1106 3008 intelliga-
1159 2943 1278 2990 versus
1311 2922 1446 3010 Tyrum.
1488 2921 1577 2988 lnter
1607 2918 1684 2988 illas
1717 2925 1818 2990 urbes
1851 2919 1914 2989 fuit
1946 2924 2046 2989 etiam
2079 2922 2139 2991 Sa·
2200 2964 2216 3006 t,

125 3017 179 3072 tur
200 3028 270 3074 non
293 3009 475 3084 demedio,
498 3006 1108 3097 seupuncmttathemmtco,sedne
1157 3022 1271 3095 repta,
1302 3010 1354 3075 sic
1387 3010 1495 3089 dicta,
1526 3030 1547 3074 a
1580 3008 1767 3075 conflandis
1789 3007 1951 3086 metellis3
1983 3011 2061 3097 quie
2091 3009 2158 3079 ibi¹
2213 3012 2216 3025 ¹

123 3089 385 3163 habitationibus
402 3097 536 3183 generis
553 3093 689 3163 humani
711 3096 991 3162 commodioribus
997 3118 1008 3175 3
1030 3094 1108 3180 quia
1158 3094 1292 3163 fuerunt
1322 3093 1458 3163 fodinae
1478 3092 1676 3175 metallicae,
1698 3096 1777 3163 item
1797 3093 1954 3163 officinae
1971 3097 2138 3164 vitrariae.

124 3196 167 3245 ex
188 3178 382 3249 Palaestina
412 3193 592 3270 potuerunt
623 3184 743 3251 itinera
776 3182 949 3248 commode
980 3180 1107 3247 institui
1158 3183 1286 3251 Nomen
1308 3182 1490 3269 Screptcc,
1512 3181 1680 3261 significat
1701 3186 1754 3249 ein
1774 3183 1923 3250 eobmeltz
1943 3182 2070 3251 liner:
2091 3184 2139 3253 ibi

124 3274 216 3335 terra
232 3265 287 3334 vel
308 3270 402 3350 marl,
424 3269 496 3339 fere
518 3269 551 3335 in
571 3291 690 3337 ornnes
701 3281 816 3356 partes
828 3270 921 3334 orbis
934 3280 1108 3346 terrarum,
1158 3268 1251 3337 Elias
1274 3267 1336 3337 fuit
1356 3269 1483 3355 hospes
1505 3272 1624 3337 viduae
1646 3273 1860 3356 sareptanae.

125 3365 161 3417 ut
177 3374 239 3440 per
248 3376 341 3422 mure
352 3358 487 3424 rubrum
500 3358 535 3423 in
547 3357 718 3437 Arabiam,
730 3354 868 3436 lndiam,
879 3352 1107 3439 Aethiopiamt
1245 3355 1409 3421 Dominus
1431 3353 1604 3442 aliquoties
1626 3351 1704 3423 loca
1723 3362 1789 3422 ista
1811 3356 2016 3443 peragravit,
2048 3355 2139 3441 pedi·

149 3460 186 3506 er
217 3462 311 3509 mare
342 3444 679 3511 mediterraneucriu
700 3443 913 3531 Aegyptum,
945 3439 1107 3520 Africam,
1159 3446 1222 3510 bus
1243 3445 1305 3510 iter
1336 3440 1483 3522 faciens,
1516 3456 1550 3511 et
1601 3443 1709 3513 uidem
1739 3448 1824 3508 intcr
1845 3464 1966 3546 magna
1987 3439 2139 3529 pericula

124 3459 331 3612 hispaniam,
351 3526 490 3608 ltaliam,
508 3528 694 3600 Graeciam,
713 3531 842 3613 Asiam,
858 3529 1010 3616 Syriem3
1031 3526 1108 3595 inde
1159 3542 1191 3596 et
1223 3550 1364 3618 magnos
1398 3529 1544 3596 dolores.
1577 3465 1656 3594 hita
1688 3529 1807 3595 itinera
1839 3526 1965 3595 Christi
1997 3529 2139 3615 pingunt

127 3633 246 3679 vorsus
271 3626 378 3683 ortum
400 3617 434 3681 in
455 3614 689 3703 Babyloniam,
713 3614 882 3694 Persium,
904 3615 1108 3693 Armeniam,
1157 3618 1334 3704 imaginem
1357 3615 1528 3683 suillorum
1539 3614 1725 3696 Ecclesiae,
1747 3636 1833 3702 quae
1855 3636 1921 3682 non
1943 3613 2044 3681 habet
2066 3634 2138 3682 cer·

126 3711 190 3765 eto.
1157 3714 1225 3769 tam
1243 3704 1368 3782 sedem,
1392 3715 1425 3769 et
1445 3698 1639 3789 plerumque
1662 3698 1772 3767 exulat
1792 3702 1826 3767 in
1847 3703 1981 3768 mundo.

211 3782 324 3873 Aliqui
347 3788 460 3855 dicunt
481 3783 741 3873 appellationem
754 3786 911 3853 Damasci
929 3788 1006 3853 inde
1020 3807 1108 3852 sunr-

125 3883 217 3956 ptam
238 3892 334 3953 esse,
368 3876 446 3960 quia
479 3876 571 3940 circu
598 3870 655 3939 illu
686 3871 763 3940 loce
796 3873 931 3939 occisus
954 3874 998 3941 sit
1019 3869 1107 3938 Abel

127 3952 266 4025 afratre
284 3957 377 4024 Cain.
423 3959 521 4033 Quod
543 3961 572 4025 si
594 3963 640 4026 {ta
663 3972 725 4040 est,
748 3956 927 4046 appellatio
949 3956 1007 4025 illa
1030 3980 1108 4027 ooa-
1877 4018 1885 4036 ,

126 4045 274 4110 serravit
303 4047 495 4112 memoriam
528 4048 624 4116 istius
644 4048 827 4133 parricidii,
861 4067 928 4132 quo
962 4046 1108 4111 terrain
1159 4018 1276 4124 Quae
1306 4035 1370 4104 est
1398 4048 1558 4125 caussa,
1596 4046 1668 4102 our
1704 4018 1817 4101 Deus
1855 4030 1961 4101 Slnttt
1999 4017 2138 4102 Eccle-

126 4128 198 4195 tetis
220 4128 307 4235 lecis
328 4128 468 4218 primum
491 4153 674 4218 conspersa
696 4145 729 4200 et
745 4130 873 4219 polluta
894 4143 947 4197 est
961 4129 1107 4198 humano
1410 4177 1512 4258 eiam
1542 4202 1658 4257 suam
1689 4173 1881 4257 exulare,

127 4235 380 4370 “ngghhecum
398 4302 597 4371 vocabulum
614 4303 720 4386 ἀσκὸς,
738 4316 790 4371 est
807 4327 828 4371 a
843 4326 929 4371 vnce
942 4302 1107 4384 Hebraea,

128 4400 161 4454 et
176 4385 329 4456 similiter·
344 4390 510 4477 significat
526 4399 640 4474 obem,
653 4391 708 4458 vel
724 4402 1002 4472 saccum,tantum
1017 4387 1137 4456 factat
1246 4390 1457 4478 Respondeo.
1502 4392 1588 4466 Quia
1609 4386 1681 4457 vult
1703 4410 1766 4456 nos
1783 4390 2072 4457 commonefacere
2094 4392 2136 4457 de

128 4474 303 4542 metathesi
332 4471 513 4543 literarum.
563 4476 617 4543 Ac
650 4477 773 4545 Graeci
805 4480 1019 4543 occasionem
1051 4477 1107 4543 isti
1129 4450 1137 4502 Ι
1157 4481 1264 4565 primo
1288 4477 1404 4558 exilio,
1437 4476 1567 4544 scilicet
1599 4478 1732 4565 quando
1767 4479 1875 4544 Adam
1895 4479 2006 4545 amisit
2024 4498 2150 4563 veram„

127 4563 251 4629 nomini
286 4562 398 4629 ilatum
431 4564 621 4628 existimant
644 4564 738 4643 inde,
772 4566 862 4651 quod
889 4565 934 4630 ibi
957 4564 1109 4649 provenit
1157 4566 1307 4653 patriam,
1329 4565 1616 4644 immortalitatem,
1635 4576 1673 4630 ¹et
1692 4565 1861 4646 iustitiam,
1881 4575 2028 4631 ettotam
2046 4558 2138 4629 illam

127 4647 162 4714 in
184 4669 306 4733 magna
327 4649 424 4734 copia
442 4650 599 4735 optimum
621 4650 734 4715 vinum
749 4653 903 4726 rubruuu
926 4651 1012 4718 sic'ut
1034 4650 1108 4719 Ste-
1157 4652 1406 4740 dignitatem,iu
1424 4647 1749 4745 quafuitconditus;
1770 4651 1916 4738 quamsi
1933 4649 2138 4731 retinuisset,

126 4734 261 4820 pbanus
289 4735 324 4801 in
344 4731 458 4799 libello
481 4734 536 4801 De
557 4736 696 4802 urbibus
716 4736 835 4822 inquitz
876 4735 1004 4805 Veteres
1035 4740 1110 4804 ideo
1157 4737 1578 4817 necessitatemque,
1600 4733 2138 4816 fuissetsiuemalis,sinemor·

124 4821 260 4909 fiuxiese
293 4820 453 4886 Brtcclmm
473 4824 508 4886 in
528 4821 595 4887 itte
615 4823 696 4889 mois
717 4833 866 4907 captum,
898 4832 931 4889 et
951 4827 985 4889 in
1005 4834 1109 4891 utrem
1160 4826 1229 4903 bis,
1255 4826 1331 4890 sine
1364 4838 1484 4898 morte;
1515 4825 1579 4890 scd
1611 4824 1689 4911 quia
1721 4826 1955 4910 obtemperans
1977 4824 2137 4909 serpenti,

125 4911 287 4975 munt
308 4907 510 4993 odwrudiu
530 4910 677 4987 meeber,
698 4910 853 4994 quodibi
866 4911 1109 4995 prooemiatur·
1158 4910 1248 4978 ultro
1270 4912 1444 5001 digressus
1460 4908 1568 4978 fuerat
1588 4932 1608 4977 a
1632 4909 1725 4991 Deo,
1749 4912 1874 4976 eiectus
1896 4906 1958 4976 fuit
1979 4929 2021 4975 cx
2042 4930 2136 4997 para·
2215 4958 2218 4963 ·

128 4996 224 5063 bunt
244 4992 351 5058 vicum
373 4994 543 5058 &modum
562 5014 759 5080 perimmuni.
1159 4999 1252 5076 dieo,
1284 5011 1318 5063 et
1351 4996 1469 5086 pulsus
1503 5000 1535 5064 iu
1569 4995 1710 5064 exilium.
1754 4994 1809 5063 De
1830 4997 1896 5063 hoc
1924 5016 2007 5085 ergo
2029 4997 2138 5082 primo

215 5076 294 5146 Non
326 5076 442 5165 procul
476 5079 552 5148 inde
576 5081 638 5147 fuit
661 5078 900 5164 Dalmanutlra,
933 5103 1020 5171 quac
1041 5104 1110 5151 vox
1158 5084 1271 5163 exilio,
1294 5096 1332 5152 ut
1352 5105 1555 5163 moneamur,
1577 5081 1647 5151 vult
1665 5081 1762 5151 Deus
1783 5080 1972 5153 Ecclesiam
1993 5082 2139 5151 subinde

125 5176 242 5239 exstet
262 5164 359 5231 mam
379 5164 413 5230 ln
435 5162 638 5239 Ptolemaeo.
680 5166 812 5235 Nomen
828 5168 996 5255 significat
1014 5168 1109 5238 hebi·
1158 5170 1301 5259 experiri
1320 5171 1441 5251 exhia,
1472 5184 1510 5238 ut
1529 5170 1718 5251 Abrabam,
1749 5168 1858 5251 isaac,
1880 5180 1916 5237 et
1935 5172 2060 5239 caetui
2079 5190 2180 5277 Mu.

287 5262 473 5312 numitori.
486 5268 568 5311 cera
582 5270 645 5312 ror.
659 5270 731 5318 xxv.
1900 5294 1934 5345 tt
