4620 5588
136 178 217 280 ‘m

244 402 350 470 Huius
373 402 486 508 iacobi
508 415 603 490 pater
624 399 686 470 fnit
703 376 919 508 zebedaeus,
953 411 1060 469 meter
1082 403 1140 469 Se·
1194 407 1329 515 Quare

155 488 263 569 loma,
296 504 329 557 et
352 488 414 557 furt
436 486 642 577 Apostolus;
661 489 736 555 sed
770 500 835 556 crto
868 485 1066 555 interfectus
1088 502 1142 555 est

157 580 201 649 ab
223 576 358 644 Herode
387 577 551 665 Agrippa,
583 578 680 643 annis
698 598 766 644 non
798 573 909 642 multis
931 587 1009 661 post
1030 595 1141 643 resur·

48 708 54 718 ,.
156 666 339 733 rectionem
372 661 506 731 Christi.
560 662 636 730 Fuit
676 673 900 755 protomartyr
932 665 1018 730 inter
1049 663 1081 728 A
1106 683 1142 728 o·

137 749 277 829 stolus.
320 748 417 817 Alter
450 750 593 818 lacobus
626 771 695 817 non
727 747 789 816 luit
810 747 1009 837 Apostolus.
1094 753 1141 816 nit

156 850 266 905 autem
294 837 484 925 Episcopus
517 834 844 925 Hierosolymorum,
878 850 910 904 ct
942 834 1140 904 interiectus

144 930 210 992 'est
231 945 320 991 anno
342 925 396 991 30.
418 937 496 1012 post
512 926 804 1005 resurrectionem,
826 943 886 992 seu
907 925 1140 991 ascensionem

155 1008 291 1092 Christi,
315 1023 349 1077 at
369 1008 431 1078 fuit
452 1009 541 1079 lilius
563 1011 702 1092 hieriae,
725 1012 853 1078 sororis
875 1009 1140 1090 matrisGhristl,

15 1161 20 1169 .
99 1182 104 1187 .
156 1111 189 1167 et
210 1097 366 1185 Alphaei.

744 208 1532 279 .·Pflll..tttlt1.:scml⁷rdExhesstlcn.
1651 221 1657 230 ’
1772 220 1781 231 '

2111 186 2264 278 ata·

1371 408 1561 493 historiae
1597 422 1829 493 sanctorum
1868 413 2173 521 cognomendae

1392 530 1400 575 ⁸
1621 530 1749 614 sunt?

1673 678 1681 696 ,
2085 652 2100 686 Ι

1280 731 1323 797 Ut
1350 733 1495 798 sciamus
1530 729 1703 797 historiam
1726 729 1910 797 Ecclesiae.
1967 733 2003 798 ln
2036 731 2177 799 historia

1191 829 1302 885 antem
1324 814 1499 886 Ecclesiae
1520 818 1659 905 primum
1679 819 1966 884 considerandum
1993 829 2046 885 est
2069 839 2176 908 genus

1192 906 1375 985 doctrinae,
1396 906 1487 992 quid,
1510 927 1571 992 per
1589 925 1692 992 quos,
1713 906 1833 991 quibus
1859 906 2076 992 temporibus,
2107 907 2175 993 qui·

1191 993 1256 1059 bus
1272 992 1470 1059 testimoniis
1489 1005 1523 1057 et
1541 989 1710 1058 miraculis
1744 1003 1941 1079 repagatom
1956 994 2011 1058 sit.
2045 991 2176 1058 Deinde

1192 1079 1502 1146 considerandaest
1519 1080 1707 1166 praesentia
1722 1014 1793 1144 het
1822 1081 1856 1143 in
1877 1077 2035 1146 mirandis
2058 1075 2175 1145 libera·

1191 1166 1347 1234 tionibus.
1376 1165 1489 1233 'lertio
1501 1167 1680 1253 cogitanda
1690 1178 1769 1232 sunt
1780 1167 1948 1245 exercitia,
1973 1176 2007 1230 et
2017 1164 2175 1231 imitanda

1190 1272 1242 1334 ea,
1264 1274 1350 1360 puae
1366 1266 1445 1320 sunt
1462 1254 1561 1320 nobis
1577 1248 1764 1318 imitabilior
1787 1262 1824 1319 ut
1840 1252 2041 1339 poenitentia
2052 1250 2176 1330 David,

1074 1328 1079 1341 ’
1191 1338 1292 1423 Petri,
1315 1337 1467 1412 latronis,
1487 1337 1665 1408 continuat
1681 1357 1902 1427 nosquoque,
1925 1352 1958 1405 et
1970 1358 2021 1405 src
2036 1341 2078 1405 de
2090 1339 2175 1404 aliis.

131 1640 138 1657 ,
243 1580 396 1649 hlothan:
418 1582 474 1649 hic
497 1584 684 1649 nominatur
705 1586 739 1650 in
760 1583 931 1651 liletthaeo
955 1596 988 1650 et
1009 1583 1114 1664 Luca,

1190 1425 1334 1495 Primum
1345 1429 1557 1495 recitabimus
1565 1425 1808 1516 genealogiam,
1820 1439 1856 1493 ut
1868 1424 2038 1492 historiam
2048 1427 2176 1491 scistis.

362 1736 413 1804 Eli
438 1736 492 1804 vel
513 1739 669 1806 loachim·

1520 1738 1631 1805 lecoh.
1742 1833 1746 1841 ι

203 1895 306 1960 ilario
329 1898 437 1978 virgo,
538 1854 542 1863 ἡ
568 1894 691 1975 Maria,
723 1915 824 1960 soror
856 1894 926 1960 lila-
989 1859 1681 1981 lfflfrater
1702 1893 1752 1960 lo·
1788 1889 1922 1972 Salome
1955 1913 2053 1957 soror
2086 1866 2176 1957 lhse·

337 1985 342 2064 l
568 1983 651 2059 riae,
663 1982 778 2048 matris
787 1981 928 2047 Christi:
989 1983 1076 2062 riae,
1107 1979 1197 2050 filius
1227 1982 1350 2047 iacobi.
1385 1979 1493 2067 sephi,
1514 1982 1652 2047 maritus
1670 1976 1751 2046 alte·
1787 1980 1842 2066 phi
1877 1994 1909 2046 et
1942 1974 2133 2064 Cleophue:

134 2038 137 2043 ι
201 2069 295 2132 lesus
317 2066 481 2134 Christus.
569 2068 680 2153 Nupta

155 2306 221 2377 lius
253 2308 314 2375 luit
358 2309 512 2389 lacobus,
566 2306 652 2375 lilius
696 2307 758 2376 fidi
783 2310 931 2391 Simeon,
975 2388 976 2392 η

148 2392 345 2481 Episcopus
358 2396 512 2463 Hieroso·
566 2395 673 2463 lactus
695 2391 884 2484 Episcopus

154 2479 339 2571 lyciorum:
379 2480 513 2550 intelle·
563 2479 887 2572 Hierosolymitanus
1008 2544 1010 2549 ,

155 2579 231 2635 ctus
248 2589 338 2637 anno
360 2570 413 2636 30.
460 2582 514 2636 ost
564 2580 644 2656 post
671 2568 847 2639 lecchum:
882 2573 929 2638 in-

154 2657 386 2725 escensionem
449 2653 515 2722 hri·
566 2653 728 2725 terfectus
740 2670 929 2725 unnoaeta-

154 2740 197 2806 sti
208 2744 251 2809 ab
263 2742 415 2809 Hanania
432 2762 514 2827 pon·
567 2745 610 2810 tis
634 2763 717 2811 suae
730 2744 814 2824 ΗΟ.
894 2783 897 2786 >

153 2826 253 2894 tifice.
308 2828 415 2895 Huius
449 2849 515 2896 me·

152 2917 258 2981 moria
281 2911 472 2980 celebratur

155 2996 314 3067 Calendis
336 2999 426 3067 Maii.

154 3344 349 3427 Potuitne
408 3339 599 3424 Pontifex
657 3339 742 3422 iure
796 3314 1022 3422 interficere
1071 3340 1137 3422 le-

566 3494 740 3580 cobum?

243 3698 328 3762 Non.
374 3694 541 3763 interfecit
563 3717 659 3775 eum,
697 3716 771 3761 cum
794 3715 862 3759 non
884 3691 1024 3760 haberet
1046 3705 1138 3779 pote·

154 3799 276 3851 statem
305 3785 483 3850 exercendi
517 3780 630 3870 gladii.
684 3781 770 3847 Nam
804 3780 915 3846 ludaei
949 3781 1139 3846 habueruut

154 3884 280 3938 tantum
305 3870 482 3953 αὐτονομίαν
503 3871 537 3935 in
561 3867 716 3948 cultibus,
745 3888 811 3933 non
833 3865 1020 3933 hebuerunt
1041 3868 1137 3933 iuris-

155 3958 333 4024 dictionem
355 3977 395 4023 su
440 3958 572 4022 riorem.
627 3955 694 4021 lste
727 3951 847 4019 nebulo
880 3963 960 4018 tunc
979 3973 1063 4021 usus
1085 3964 1139 4019 est

154 4042 337 4111 occasione
361 4046 404 4109 ob
419 4057 486 4124 ata,
522 4055 670 4129 tempore
692 4041 809 4106 mortis
833 4036 923 4118 Caii,
953 4060 1027 4104 cum
1056 4059 1137 4105 non·

155 4131 231 4196 dum
254 4131 377 4195 missus
399 4141 491 4195 esset
512 4148 704 4204 successor,
738 4147 811 4191 cum
845 4123 984 4191 haberet
1012 4126 1140 4192 interea

154 4216 358 4303 praesidium
385 4218 417 4281 in
446 4237 508 4283 sua
523 4226 703 4302 potestate.
759 4209 927 4280 interiecit
961 4213 1058 4277 istum
1082 4214 1139 4278 bo

153 4323 232 4368 num
260 4318 375 4367 senem
409 4301 565 4369 iacobum
599 4315 716 4367 contra
736 4298 963 4365 Romanorum
995 4312 1029 4364 et
1057 4319 1140 4365 suae

178 4389 264 4454 entis
287 4390 375 4465 iura,
403 4401 579 4538 grassatus
608 4401 679 4467 est,
712 4407 779 4452 non
812 4387 958 4453 servatis
982 4388 1053 4452 suis
1086 4384 1140 4451 vel

41 4474 44 4481 ’
153 4411 380 4543 homanorum
428 4477 565 4562 egihuS,
601 4493 674 4539 curn
710 4474 773 4560 ipsi
804 4470 983 4540 fateantur:
1035 4471 1141 4538 Nobis

133 4574 218 4628 'noa
241 4563 315 4628 licet
335 4563 421 4626 inter
444 4581 517 4626 cere
539 4580 734 4644 quenquam.

137 4678 141 4685 ·
241 4651 382 4716 lacobus
401 4658 434 4714 et
451 4648 587 4714 Simeon
608 4647 684 4711 sind
705 4644 1139 4728 dieltirrrembstcrttretitrde

155 4734 279 4800 Christi
299 4755 451 4820 yetoesen.
508 4734 545 4798 ln
578 4734 715 4798 istorum
749 4752 842 4797 exem
868 4731 909 4796 lis
938 4734 1139 4811 observetis

179 4822 243 4886 uod
266 4819 421 4887 Ecclesia
454 4841 521 4884 non
554 4820 597 4884 sit
629 4839 769 4905 regnum
802 4756 982 4903 politicum.
1038 4816 1139 4884 lnter·

154 4843 311 4974 iciuntur
332 4911 441 4974 ambo.
497 4903 558 4972 llle
585 4925 689 4972 senex
712 4904 847 4970 Simeon
860 4924 863 4929 ’
876 4902 936 4970 lirit
968 4917 1140 4991 spectator

70 4990 76 4999 '
155 5015 350 5082 magnarum
380 4992 624 5060 calamitatum:
660 4990 752 5057 Vixit
784 5010 824 5055 eo
862 5005 1029 5074 tempore,
1065 5012 1139 5057 cum

155 5077 265 5145 deleta
306 5094 359 5146 est
386 5078 638 5168 Hierosolyma,
679 5091 712 5144 et
746 5088 818 5142 tote
840 5075 961 5144 ludaett
993 5089 1137 5144 vastata.

990 2069 1039 2134 lta
1060 2066 1121 2136 fuit
1133 2070 1352 2155 desponsatio
1389 2070 1458 2135 rius
1480 2068 1618 2137 Mariae.

142 2186 927 2309 m-s‘w
990 2166 1076 2309 iii
1089 2154 1353 2325 dilituit}
1441 2304 1444 2310 ,

992 2330 1083 2483 ppiptl
1096 2340 1177 2397 tunc
1195 2331 1352 2394 usitatum

1787 2079 1889 2150 nupta
1921 2063 2110 2131 zebedaeo.
2199 2084 2208 2101 ‘

1785 2151 1856 2218 Filii
1880 2155 1951 2218 eius
1974 2168 2051 2217 sunt

1709 2359 1853 2427 lacobus
1876 2359 1948 2425 hle-
1962 2240 2177 2425 j-lffielrhr'es

1711 2449 1782 2526 ior,
1814 2444 1948 2512 interfe·
2008 2447 2158 2532 Evange

1711 2533 1947 2600 ctusabllero·
2008 2531 2096 2599 lists.

1709 2622 1751 2687 de
1773 2621 1934 2709 Agrippa.

1188 3087 1311 3154 mansit
1333 3099 1483 3173 tempore
1504 3088 1635 3167 excidii,
1662 3098 1782 3174 postea
1804 3089 1887 3153 urbe
1909 3106 2047 3167 everso,
2076 3084 2174 3153 rediit

1188 3175 1232 3241 od
1249 3179 1380 3263 ἐρείπια,
1402 3173 1446 3239 erl
1468 3176 1598 3255 ruinas,
1630 3186 1664 3242 et
1696 3175 1814 3241 iterum
1848 3169 1984 3262 collegit
2012 3174 2057 3239 ibi
2079 3192 2175 3239 suam

1188 3259 1387 3329 Ecclesium.
1443 3259 1565 3328 Factus
1599 3273 1652 3328 est
1672 3259 1862 3349 Episcopus
1896 3261 1982 3327 inter
2004 3257 2174 3347 reliquias,

1190 3362 1223 3414 et
1245 3361 1355 3415 tumen
1393 3347 1505 3414 ludaei
1538 3345 1689 3415 zelantes
1720 3370 1782 3436 pro
1823 3348 2030 3414 restitutione
2066 3347 2175 3435 regni,

1162 3434 1330 3529 lederent
1352 3456 1439 3514 eum,
1462 3447 1496 3500 et
1518 3433 1740 3501 moliebantur
1761 3437 1791 3501 ei
1813 3434 1959 3515 exitium,
1984 3446 2017 3500 et
2038 3453 2109 3499 rem
2132 3453 2174 3499 eo

1163 3558 1167 3590 ι
1189 3522 1411 3602 deduxerunt,
1434 3534 1581 3608 tempore
1592 3520 1737 3602 Traiani,
1760 3532 1795 3589 nt
1816 3519 2069 3587 interficeretur.
2098 3518 2174 3587 Fuit
2251 3568 2255 3574 .

1163 3609 1360 3695 ganeumito
1393 3605 1526 3675 facilius
1560 3621 1701 3694 accepta
1734 3608 1823 3695 apud
1857 3604 1971 3693 praese
1993 3618 2063 3675 tos:
2097 3606 2175 3693 quia

1163 3732 1166 3773 ς
1189 3706 1262 3761 erat
1283 3693 1429 3781 reliquus
1463 3715 1505 3761 ex
1538 3697 1625 3762 tribu
1647 3695 1750 3775 luda,
1771 3695 1921 3845 itleopue'
1945 3630 2176 3771 ohiiciebatur,

1163 3782 1402 3848 lmetuendum
1438 3801 1528 3861 esse,
1562 3803 1604 3847 ne
1637 3778 1762 3868 aliquid
1794 3804 1848 3848 mo
1862 3782 1974 3847 irretio.
2031 3778 2175 3857 Videtis,

1163 3856 1166 3931 ἶ
1188 3888 1288 3955 quum
1307 3864 1474 3934 diabolica
1495 3881 1529 3937 et
1550 3864 1686 3935 Gainica
1709 3864 1832 3933 malitia
1855 3868 1899 3932 sit
1919 3870 1952 3933 in
1976 3865 2175 3953 hypocritis,

1163 3952 1167 4025 ἰ
1188 3955 1245 4040 qui
1266 3952 1449 4043 Evangelio
1471 3956 1701 4022 adversantur.

1163 4151 1166 4170 l

1163 4186 1167 4199 t

1278 4289 1401 4391 Quod
1432 4260 1624 4375 differunt
1654 4290 1818 4402 cognati
1849 4304 1892 4372 et·
1922 4286 2092 4399 agnatii

1277 4471 1402 4558 signati
1424 4483 1501 4536 sunt
1529 4471 1788 4556 schwerdmoyeu.
1838 4470 1897 4536 Est
1923 4473 2060 4557 antiqua
2095 4471 2176 4538 Ger-

1189 4560 1320 4625 manica
1343 4580 1420 4637 vox,
1445 4578 1530 4644 qnae
1552 4559 1722 4644 signifieat
1753 4569 1913 4645 agnatos,
1954 4565 2085 4636 veum,
2119 4556 2174 4624 rel

1189 4643 1258 4713 telo
1279 4644 1423 4732 aliquid,
1448 4645 1501 4706 die
1521 4645 1677 4726 yesreund
1708 4646 1799 4724 dod,
1829 4656 1970 4730 patema
2003 4644 2108 4730 stirpe
2142 4655 2177 4709 at

1190 4732 1517 4883 mitissimi
1532 4732 1828 4884 dilituit
1846 4730 2197 4882 ‘itibtt'f‘btt

1190 4839 1299 5009 goram
1326 4907 1472 4966 martel
1504 4906 1592 4977 marl,
1627 4906 1681 4972 dte
1708 4867 1873 4971 nocedim
1904 4865 2076 4978 &candem
2096 4917 2174 4971 sunt

1189 5003 1312 5143 &smil
1374 5079 1420 5145 ati
1452 5078 1557 5145 leiren
1590 5079 1644 5143 die
1666 5078 1802 5158 andem,
1838 5078 1893 5142 ilie
1914 5078 2001 5141 nicht
2023 5074 2175 5147 eiam

154 5164 274 5232 Eduxit
306 5164 494 5234 Ecclesiam
533 5167 629 5243 inde,
669 5177 763 5231 trans
801 5163 990 5237 Iordanem,
1029 5177 1061 5229 et
1094 5161 1166 5233 ihil
1189 5163 1297 5234 erdem
1321 5167 1375 5229 rie
1398 5166 1472 5228 sind
1499 5165 1587 5228 nicht
1619 5164 1881 5246 sedwardmopem
1920 5160 2056 5229 rondes
2086 5160 2173 5244 spill
