4620 5588
139 168 207 249 m
622 212 630 225 ·
774 171 895 243 esu.
915 170 1022 241 uua.
1043 166 1233 241 semem
1253 165 1521 238 masuras.
1763 112 1768 120 ⁵
2094 167 2161 237 aa

140 363 307 434 Dominus
338 383 494 451 pugnans
529 384 605 432 eum
637 383 721 430 vero
742 359 910 441 Domino,
944 358 1126 428 eumaeo.
1179 368 1217 425 ιιι
1248 356 1497 445 significaretur
1531 356 1578 424 ibi
1615 377 1693 424 esse
1730 356 1915 425 faciendum
1948 359 2159 427 saodficium.

139 452 216 535 Neu
238 449 394 537 probibet
416 447 565 516 laborem
587 460 644 516 aut
666 448 870 537 diligentiam
886 449 919 512 in
936 449 1127 534 quaerendo
1179 443 1307 510 bloises
1329 446 1408 510 dicit
1428 443 1588 529 populum
1610 465 1687 510 esse
1709 442 1834 512 factum
1856 444 2013 525 liberum,
2038 447 2160 511 irtauri·

140 541 246 613 victam
269 538 331 600 sed
353 533 424 601 vult
446 533 511 602 illis
533 535 731 619 praelucere
751 537 902 601 timorem
924 546 958 601 et
979 531 1127 600 dilectio·
1179 533 1244 596 bus
1267 532 1408 615 demptis
1430 531 1473 594 ab
1495 533 1646 596 auribus:
1668 529 1798 597 scilicet
1819 543 1930 597 anroto
1953 534 2058 598 verbo
2080 531 2158 610 Dei,

140 644 218 693 nem
247 621 329 700 Dei,
359 620 475 700 fidem,
506 643 617 708 spem,
646 624 681 688 in
701 618 821 687 Deum.
866 619 934 686 lsta
955 617 1127 706 praeluce·
1179 620 1270 702 qued
1289 618 1434 682 debebat
1455 636 1515 682 cos
1536 637 1655 703 regere
1675 618 1708 682 iu
1731 621 1833 683 rebus
1860 619 2036 696 secundis,
2064 630 2099 686 et
2124 618 2161 683 in

140 723 215 779 ant:
236 720 357 794 postea
380 710 522 795 quisque
542 711 668 774 serviat
695 707 887 786 vocationi,
920 716 955 771 et
988 717 1127 791 quaerat
1179 705 1279 769 rebus
1300 705 1464 768 adversis.
1508 703 1559 768 lta
1585 704 1817 770 universaliter
1846 707 1893 770 iit.
1936 703 2161 771 flaccescunt

139 797 333 864 necessaria
368 795 518 880 corpori3
550 798 626 877 praa
656 816 720 856 aare
747 795 864 875 mortar·
888 792 1063 855 laudabant
1095 800 1127 853 te
1179 791 1284 855 eorde
1304 788 1490 872 hominum,
1513 802 1546 855 et
1567 786 1773 856 unwanum
1798 793 1924 857 amissa
1950 788 2045 870 luce,
2072 809 2161 878 quae

139 883 286 947 namne.
330 880 372 946 Et
392 894 571 966 propterea
592 878 648 946 hic
670 882 802 946 dicitur:
839 878 910 940 Scit
931 878 1031 941 Pater
1058 899 1125 941 coe·
1178 878 1359 964 regebatur
1380 897 1442 961 per
1463 879 1603 941 verbum
1624 842 1699 941 liet.
1827 907 1829 911 ¹

139 969 259 1039 lestis,-
275 967 386 1050 qnidam
412 967 503 1028 rebar
527 967 614 1029 cobis
639 986 720 1047 opas
741 969 794 1030 sit.
840 965 919 1028 Gora
938 968 1029 1026 weiss
1049 965 1124 1044 wal,
1264 959 1323 1028 Sic
1344 963 1444 1048 igitur
1464 962 1626 1046 praecipit
1646 962 1702 1029 hic
1715 960 1879 1041 Christus,
1900 974 1937 1027 ut
1958 980 2160 1049 quaeramus

140 1055 220 1119 dass
240 1057 299 1114 wir
319 1060 440 1114 rmisren
461 1052 594 1115 hattla‘n
616 1053 725 1130 haben,
737 1046 804 1113 aad
816 1054 874 1130 fita
894 1071 1004 1127 ansere
1024 1049 1126 1113 hlaine
1176 1047 1316 1133 primum
1339 1069 1479 1135 regnunt
1500 1046 1581 1131 Dei3
1602 1049 1637 1113 id
1659 1061 1723 1128 est,
1745 1050 1884 1135 primum
1906 1050 2074 1115 discamus
2103 1050 2160 1117 do·

139 1140 255 1204 ldnder
275 1161 389 1201 mamre
399 1138 526 1212 Studes,
550 1151 614 1204 ete.
637 1139 699 1201 das
719 1139 788 1222 giht
810 1137 890 1200 Gott
911 1137 999 1210 anab,
1012 1158 1124 1223 quam-
1179 1136 1329 1214 utrinam,
1350 1155 1449 1221 qoam
1471 1134 1566 1200 Deus
1587 1135 1687 1200 nobis
1709 1137 1854 1214 tradidit,
1876 1146 1910 1201 ct
1931 1151 2102 1220 petamus,
2122 1146 2162 1205 ιιι

139 1229 192 1293 vis
214 1246 344 1311 poenae
367 1229 465 1291 etiam
488 1227 634 1292 veniunt.
679 1225 745 1291 Sed
767 1244 894 1289 memor
916 1234 967 1289 est
997 1223 1124 1289 miseri·
1176 1240 1242 1287 nos
1259 1220 1353 1286 Deus
1375 1232 1472 1307 regat
1491 1218 1550 1286 illa
1571 1241 1635 1287 sua
1656 1222 1820 1300 doctrina,
1844 1223 1931 1288 sicut
1953 1224 1986 1287 in
2008 1223 2161 1288 oratione

140 1313 277 1381 cordiae
299 1331 396 1391 suae,
419 1312 452 1376 in
474 1312 526 1378 ire
546 1331 625 1393 sua3
647 1309 719 1378 vult
741 1311 903 1389 invocari,
926 1319 960 1376 et
980 1308 1061 1375 lenit
1081 1330 1124 1376 ac
1177 1305 1352 1373 Dominica
1384 1310 1481 1373 etiam
1536 1308 1674 1373 etimusr
1718 1308 1876 1371 Ademiat
1904 1328 2034 1391 'reputem
2066 1298 2186 1375 tuma⁰

138 1401 269 1486 mitigat
290 1395 411 1464 multas
432 1418 561 1483 poenas
578 1398 823 1463 invocantibus.
1178 1392 1337 1466 Quaerite
1358 1414 1498 1479 regnum
1552 1394 1593 1472 ei,
1613 1395 1647 1459 id
1669 1405 1733 1474 est,
1755 1394 1953 1474 doctrinam,
1999 1415 2075 1460 uam
2095 1404 2160 1459 tra·

226 1485 275 1551 lta
298 1485 418 1550 dicitur
436 1485 533 1549 etiam
555 1484 622 1549 hec
644 1480 738 1549 loco:
756 1482 895 1544 Primam
917 1485 1058 1565 quaerite
1074 1502 1123 1543 re·
1178 1479 1270 1558 didit,
1293 1491 1326 1546 et
1348 1480 1506 1546 iustitiam
1525 1481 1610 1558 eius,
1620 1480 1655 1545 id
1666 1491 1730 1562 est,
1749 1482 1884 1546 obedite
1906 1479 1952 1547 illi
1976 1416 2160 1547 ioctnnaa

138 1592 231 1654 prame
274 1571 359 1649 Dei,
402 1581 466 1635 etc.
533 1570 595 1634 llic
628 1568 925 1655 comprehenditur
962 1569 1123 1640 doctrina,
1178 1564 1386 1639 Quaeramus
1408 1585 1547 1655 regnum
1568 1565 1633 1632 Dei
1659 1568 1822 1634 discendo
1844 1581 1877 1632 et
1899 1567 2160 1651 obtemperando
2192 1592 2195 1596 ’

138 1657 265 1745 agnitio
278 1657 355 1734 Dei,
365 1657 472 1726 timor,
496 1654 604 1722 cultus
616 1653 692 1728 Dei,
714 1675 805 1741 spes,
827 1655 924 1734 fides,
944 1655 1122 1720 invocatio.
1175 1650 1249 1719 Deo
1271 1651 1427 1718 trahenti.

138 1744 265 1810 Postea
288 1742 400 1804 Οιιιιιία
426 1743 618 1804 adiit-ianae
648 1741 751 1806 vohis:
784 1743 817 1807 id
851 1753 926 1821 est,
958 1741 1122 1806 habebitis
1187 1808 1193 1816 ,
1260 1736 1335 1805 lloc
1357 1757 1434 1805 cum
1455 1736 1613 1819 iacintus,
1640 1739 1791 1825 sequitur
1812 1749 1930 1826 postea
1952 1735 2160 1817 consolati03

138 1829 342 1914 hospitium,
375 1830 510 1910 rictum,
532 1825 704 1913 politiam,
737 1829 859 1893 bonam
888 1824 1121 1894 valetudinem.
1175 1827 1253 1910 quia
1274 1825 1308 1888 in
1330 1827 1420 1891 omni
1443 1826 1510 1892 rita
1533 1824 1670 1892 multum
1693 1837 1746 1892 est
1767 1825 2008 1910 periculormn:
2031 1835 2064 1892 ct
2086 1826 2161 1892 sive

19 1943 24 1957 ·
137 1913 182 1981 Et
203 1915 238 1979 si.
255 1914 410 2000 patienda
431 1913 544 2001 aliqua
565 1926 673 1992 erunt,
695 1915 880 2000 patiamini:
902 1912 945 1978 Et
966 1915 1122 1979 invocate
1174 1911 1314 1977 obedias
1346 1910 1443 1991 Deo,
1476 1912 1549 1979 sire
1580 1933 1649 1977 non
1687 1914 1826 1978 obedias
1864 1911 1967 1984 multa
2002 1914 2163 1997 patienda

10 3590 14 3599 =
135 3551 263 3618 Norma
283 3555 373 3645 vitae
395 3554 541 3632 sitista,
574 3565 611 3620 ιιι
643 3556 806 3622 tacianum
838 3556 896 3635 id,
929 3556 1019 3642 quod
1052 3553 1123 3623 mit

61 2064 71 2072 .
137 1997 261 2080 Deum,
281 2014 319 2067 ιιι
346 2002 494 2086 mitiget,
528 2021 597 2066 non
629 1999 795 2068 cumulate
826 2001 924 2068 vebis
956 2000 1120 2078 miserias,
1175 2009 1281 2063 erunt.
1326 1996 1441 2064 Satius
1462 2009 1516 2063 est
1536 2011 1646 2064 autem
1668 1994 1759 2085 ⁸ferre
1780 1998 1940 2085 pericula,
1961 2012 1996 2065 et
2023 1997 2161 2065 labores

137 2085 186 2149 Er
206 2088 289 2149 cird
310 2087 393 2150 wahl
412 2087 548 2150 maranen
566 2066 645 2149 ohne
666 2086 760 2152 dass
1175 2106 1250 2152 cum
1277 2080 1369 2151 Deos
1401 2084 1528 2151 habero
1567 2080 1818 2164 auxiliatorem,
1857 2096 2083 2175 protectorem
2126 2096 2161 2152 et

1173 2168 1402 2238 umbraculum
1426 2168 1546 2238 Deum.
1590 2169 1640 2236 lta
1662 2171 1718 2237 hic
1746 2173 1881 2238 dicitur:
1912 2172 2048 2235 Caetera
2075 2171 2161 2234 aelii·

367 2333 373 2344 ⁸
1175 2259 1297 2321 aientm
1329 2259 1425 2320 cobis.
1490 2257 1629 2323 Habetis
1666 2278 1864 2342 expressam
1892 2260 2162 2343 premissionem,

1136 2400 1141 2407 .
1198 2345 1265 2410 uod
1277 2342 1372 2411 Deus
1395 2341 1474 2410 velit
1496 2364 1627 2423 curare,
1649 2357 1684 2409 ut
1696 2342 1851 2411 Ecclesia
1872 2341 1993 2410 babeat
2015 2342 2159 2414 nidulos,

388 2410 449 2478 EX
469 2410 579 2479 ᾹῙᾸΑ
600 2410 873 2480 RHAPSODlA·
1211 2429 1290 2493 elias
1316 2438 1363 2493 est
1396 2451 1462 2491 erse
1488 2433 1521 2491 in
1542 2429 1694 2493 vertibula
1717 2432 1825 2513 templi
1835 2479 1845 2512 ‚
1867 2431 1972 2533 iuquit
1994 2428 2162 2513 PsalmuS,

1174 2537 1265 2599 maora
1286 2520 1320 2579 in
1341 2516 1607 2599 splendidissimis
1628 2516 1848 2599 aaasnepam.
1892 2518 2029 2584 Etiamsi
2039 2515 2160 2585 Ecclc·

137 2605 256 2715 Quae
295 2621 359 2692 est
395 2637 556 2692 summa
599 2608 719 2693 huius
757 2610 976 2716 concionis,
1016 2638 1122 2722 quae
1175 2604 1227 2671 sia
1248 2604 1374 2670 duriter
1395 2615 1578 2689 quassetur
1598 2604 1632 2669 in
1650 2600 1715 2670 hac
1733 2605 1818 2683 vita,
1840 2615 1951 2710 tamen
1967 2603 2062 2710 lleus
2085 2625 2162 2711 eant

1175 2701 1304 2768 servat,
1327 2704 1362 2757 et
1383 2701 1418 2755 ut
1440 2701 1642 2771 conservet,
1671 2701 1763 2756 certe
1791 2690 1883 2758 dabit
1905 2710 1936 2757 er
1957 2688 2090 2778 aliquos
2112 2712 2163 2755 nr·

227 2764 449 2878 propositio
479 2764 717 2877 principalia,
750 2766 840 2879 quie
870 2765 1026 2851 statiis?
1175 2773 1299 2883 dulos,
1332 2774 1445 2925 alippa
1473 2774 1618 2925 hosplpia
1650 2775 1829 2867 Ecclesiae
1851 2775 2008 2844 defendet
2031 2779 2163 2845 etiamsi

224 2946 311 3020 Quia
343 2968 477 3032 sempcr
509 2949 543 3012 in
576 2944 721 3013 lectione
748 2948 1029 3016 considerandum
1056 2959 1123 3027 est,
1174 2873 1668 3036 suntppnprrgppopepguapisplui
1689 2947 1795 3017 moliti
1816 2961 1906 3030 suut,
1929 2960 1966 3016 ιιι
1988 2949 2158 3016 mitteren-

136 3035 215 3121 quid
238 3034 451 3112 instituatis,
474 3036 530 3121 qni
551 3045 666 3099 narrat
695 3045 750 3100 ant
771 3033 932 3121 loquitur:
961 3033 1124 3101 Conside-
1174 3047 1230 3103 tur
1250 3031 1428 3103 latrunculi
1451 3036 1484 3100 in
1511 3034 1577 3102 bac
1602 3037 1793 3124 regionem,
1822 3048 1859 3104 ut
1882 3038 2075 3103 occiderent
2096 3036 2163 3103 Lu·

134 3120 277 3187 randum
301 3134 363 3197 cst,
386 3121 463 3205 quid
485 3118 711 3204 principaliter
743 3132 871 3208 agatur.
917 3120 1016 3187 Duae
1043 3132 1123 3187 sunt
1175 3118 1316 3187 thorum.
1361 3119 1488 3193 l'ostea
1508 3122 1596 3188 idem
1618 3121 1721 3189 moliti
1743 3137 1822 3189 sunt
1843 3123 2009 3191 adversus
2030 3121 2163 3190 Ducem

134 3207 386 3295 propositiones
408 3204 612 3292 principales
634 3210 668 3273 in
682 3208 748 3274 hac
771 3208 944 3274 concione.
1175 3212 1331 3274 loannem
1351 3206 1554 3275 Electorem.
1599 3207 1668 3274 Sed
1686 3222 1797 3277 tamen
1813 3207 1909 3277 Deus
1931 3211 2081 3278 servarit
2102 3210 2163 3275 mi·

223 3291 334 3357 Prima
355 3293 543 3378 propositio
565 3307 618 3358 est
640 3295 824 3361 communis
847 3291 1025 3383 regula,at
1048 3301 1121 3357 ante
1175 3292 1325 3362 rabiliter
1346 3315 1442 3361 suem
1465 3297 1630 3383 cymbam.

136 3381 242 3441 onmia
263 3400 449 3461 quaeramus
470 3399 597 3461 reprom
619 3379 705 3461 Dei,
738 3381 772 3446 id
805 3393 880 3462 est,
901 3392 938 3446 ut
960 3378 1123 3447 antefera·
1262 3380 1331 3448 lsta
1352 3383 1419 3448 duo
1441 3395 1520 3449 suut
1541 3379 1736 3468 principalia
1759 3384 1793 3447 in
1815 3384 1881 3448 ista
1903 3383 2078 3450 concione.
2118 3378 2164 3449 Ει

135 3486 212 3532 mus
229 3465 352 3543 Deum,
375 3479 408 3531 et
430 3467 622 3535 mandatum
645 3469 717 3533 eius
740 3470 894 3536 omuibus
915 3464 990 3533 aliis
1008 3470 1122 3535 rebus.
1174 3466 1262 3536 haec
1285 3466 1612 3556 comprehenduntur
1633 3470 1666 3535 iu
1688 3467 1876 3537 versiculo:

135 3637 241 3705 Deus·
1308 3588 1497 3653 Cormnenda
1513 3588 1585 3651 Deo
1602 3590 1685 3651 aiam
1705 3596 1801 3667 ιιιαιιι,
1824 3597 1855 3652 et
1876 3606 1971 3671 spaera
1987 3592 2022 3651 in
2044 3609 2121 3652 eam.

224 3724 383 3791 Secunda
410 3727 594 3812 propositio
625 3740 697 3807 est,
727 3723 929 3808 consolati03
970 3725 1040 3790 Deo
1062 3730 1125 3790 erit
1174 3726 1218 3793 Et
1240 3725 1325 3793 baca
1348 3739 1400 3793 est
1421 3738 1492 3795 teta
1514 3727 1666 3793 doctrina
1688 3724 1764 3792 libri
1787 3723 1994 3806 monronis,
2021 3727 2078 3813 qui
2102 3746 2163 3793 ro·

84 3858 91 3869 .
136 3830 241 3884 carae,
264 3820 300 3875 at
320 3812 436 3873 babeas
452 3812 634 3894 hospitium,
656 3818 770 3876 victam
791 3813 912 3876 etalio
932 3818 1122 3878 necessaria.
1176 3825 1272 3880 catur
1293 3812 1600 3880 Ecclesiastes:
1625 3814 1691 3874 Fae
1713 3832 1810 3894 opera
1827 3814 2004 3876 vocationis
2021 3821 2108 3875 tane.-
2130 3820 2163 3876 et

16 3945 19 3951 ι
135 3895 238 3963 Scitis
262 3898 295 3963 in
318 3893 406 3963 omni
429 3896 680 3978 deliberatione,
704 3902 844 3985 primum
866 3919 946 3965 esse
974 3902 1123 3987 cogitari·
1175 3901 1354 3963 commenda
1374 3900 1446 3963 Deo
1468 3904 1583 3962 eattae.

135 3984 214 4048 dum
236 3985 315 4068 quid
337 3984 440 4050 simus
462 3987 587 4065 acturi,
616 3987 735 4052 deinde
761 3987 928 4072 quomodo
954 3991 1124 4072 possimus
1262 3986 1335 4052 Nos
1358 4007 1474 4053 sumus
1495 3987 1533 4051 in
1562 4005 1700 4050 urunere
1732 3985 1898 4065 docendi,
1933 3996 1966 4050 et
1998 3977 2182 4053 habemus'

134 4067 215 4134 illos
236 4068 373 4136 labores
395 4071 572 4138 sustinere.
617 4071 667 4138 lta
688 4071 742 4139 hic
766 4086 818 4139 est
841 4086 1066 4161 praeceptum,
1089 4086 1124 4140 et
1175 4069 1373 4158 multiplices
1397 4075 1560 4152 miserias,
1583 4093 1650 4137 non
1673 4082 1800 4139 tautum
1826 4084 2071 4158 paupertatem,
2099 4073 2164 4138 sed

135 4156 249 4222 addita
272 4153 473 4225 consolatio.
1176 4158 1253 4225 odia
1276 4169 1558 4246 potentum,quae
1581 4169 1673 4225 certe
1695 4158 1856 4246 frangunt
1877 4157 2055 4224 homiuem.
2091 4156 2163 4223 Sed

123 4244 125 4249 ’
225 4241 280 4307 Aa
308 4257 521 4328 praeceptum
551 4246 718 4329 pertinent
746 4242 867 4312 similia
900 4246 989 4310 dicta
1020 4244 1125 4314 multa
1176 4257 1348 4311 teneamus
1371 4245 1538 4333 regulam:
1571 4245 1758 4308 Conmrmda
1779 4246 1850 4306 Deo
1871 4248 1952 4307 aiam
1973 4253 2161 4314 taumate.

140 4327 183 4394 de
205 4330 370 4394 audiendo
394 4333 498 4395 verbo
523 4329 598 4397 Dei.
649 4329 758 4406 Quale
785 4331 853 4397 hoc
879 4333 1027 4416 inprimis
1054 4344 1123 4399 este
1176 4334 1234 4399 Sic
1255 4333 1289 4398 in
1311 4335 1454 4399 caeteris
1475 4334 1742 4418 partibusvitac:
1766 4331 2020 4399 Gubernatores
2041 4329 2162 4397 lideles

137 4411 284 4478 Lacenae
303 4416 438 4495 partibas
460 4420 536 4478 meir
557 4417 678 4479 verbam
700 4427 794 4482 taam.
843 4415 939 4485 Deus
967 4418 1038 4484 vult
1066 4441 1125 4506 ge·
1176 4418 1341 4485 sustinent
1361 4418 1498 4485 labores
1521 4417 1643 4487 multos
1666 4431 1700 4485 ct
1719 4440 1861 4506 maguus
1883 4415 2067 4485 molestias.
2091 4417 2162 4484 Sed

136 4519 203 4567 uus
224 4500 403 4567 humanum
426 4503 497 4586 regi
521 4523 584 4569 suo
607 4506 724 4583 verbo,
737 4506 780 4570 ad
802 4504 868 4587 hoc
890 4505 986 4571 mittit
996 4503 1123 4572 Filium.
1176 4507 1287 4575 obtem
1314 4518 1408 4572 erent
1429 4517 1463 4572 et
1483 4502 1530 4571 illi
1551 4505 1631 4572 huic
1652 4502 1808 4592 reguloe3
1827 4516 1861 4571 et
1872 4507 1980 4570 sciant
1991 4506 2023 4569 in
2034 4506 2160 4571 mundo

135 4585 201 4654 llic
223 4587 313 4654 filius
337 4589 430 4654 dicit:
454 4587 527 4668 Epo
549 4589 649 4651 clamo
671 4594 704 4651 in
726 4594 1015 4671 antecedebam,
1038 4595 1125 4656 etin
1175 4612 1244 4658 uon
1301 4594 1362 4658 ‘ter
1384 4593 1479 4673 fieri,
1514 4613 1613 4678 quarn
1645 4606 1680 4658 ut
1701 4594 1735 4657 in
1757 4592 1936 4678 proverbio
1959 4589 2161 4657 Germanico

137 4674 226 4739 edito
245 4676 327 4746 loeo,
349 4696 395 4736 me
418 4676 537 4736 arceb'te.
583 4676 620 4740 ln
653 4697 800 4757 summa,
824 4677 919 4745 Deus
954 4676 1026 4744 vult
1059 4700 1124 4746 nos
1176 4679 1306 4761 dicitur,
1328 4681 1419 4764 quod
1442 4681 1526 4744 satis
1549 4678 1675 4745 rustice
1693 4677 1844 4756 effertur,
1872 4678 1933 4743 sed
1961 4678 2162 4743 sententiam

135 4762 209 4847 regi
232 4764 338 4827 verbo
367 4783 441 4827 suo.
492 4761 631 4828 Habetis
664 4765 841 4850 imaginem
872 4763 1056 4831 mirabilem
1089 4767 1124 4832 iu
1175 4765 1279 4835 babet
1312 4777 1552 4852 congruentem
1585 4785 1661 4831 cum
1693 4764 1910 4849 experientia:
1951 4765 2041 4825 Fn'ss
2062 4762 2161 4825 dreck

136 4844 296 4997 bisssriat
320 4851 453 4932 quando
476 4858 530 4913 est
552 4846 662 4915 sactus
691 4849 816 4917 vitulus
845 4853 987 4917 absente
1008 4852 1123 4919 blase:
1175 4852 1241 4916 rmd
1262 4852 1380 4914 sebaim
1396 4852 1486 4934 pald,
1502 4875 1540 4916 so
1561 4851 1685 4915 werden
1706 4850 1831 4912 dircite
1852 4850 2161 4932 sebaaneydleia

136 4932 183 4999 lbi
239 4935 308 5018 quit
330 4933 447 5001 bloscs
469 4936 514 4999 ad
532 4935 718 5003 Aaronemz
740 4938 881 5012 Scilicet,
895 4941 1005 5017 fecisti
1020 4960 1124 5022 popu·
1174 4939 1260 5002 hold.
1305 4938 1414 5001 Dreelr
1431 4941 1569 5019 fresam,
1598 4948 1651 5003 est
1678 4938 1845 5003 sustinere
1866 4957 1984 5002 omnes
2006 4938 2160 5013 iniuriam

136 5017 197 5080 mm
220 5019 347 5082 liberam
368 5023 504 5105 denaptis
525 5022 687 5084 inormibus
708 5024 834 5104 papali.
880 5025 1040 5113 Aegyptii
1068 5048 1124 5093 co·
1173 5025 1253 5108 pald
1273 5026 1503 5101 schamemest
1523 5041 1697 5111 praestare
1718 5025 1828 5089 omnia
1850 5022 1975 5129 atficta,
1993 5040 2159 5109 nusquam

137 5101 273 5172 luerunt
293 5105 428 5187 vitulos,
450 5105 506 5176 vel
527 5120 706 5176 erexerunt
731 5108 856 5178 vitulos
885 5134 963 5181 cum
989 5115 1123 5195 statuis,
1173 5116 1369 5203 impingere,
1392 5125 1426 5180 et
1447 5111 1649 5182 benefacere
1670 5112 1836 5178 omnibus.
