4620 5588
144 207 209 277 ω
811 198 1546 271 caraunuscmrmaxnosuoe
2050 162 2183 275 'aas

231 398 324 464 llaec
356 394 479 462 delicta
512 409 650 460 externa
682 395 863 481 puniuntur
895 393 929 457 in
964 389 1029 456 hae
1051 392 1131 470 vita,
1155 400 1159 475 ξ
1182 392 1277 477 ponit
1309 392 1466 479 gradum,
1500 411 1599 479 quem
1632 394 1778 459 ostendit
1811 414 1879 459 non
1912 413 1989 461 esse
2021 395 2056 461 ln
2088 391 2167 476 illis,

144 482 228 551 alias
264 484 391 572 magis,
426 479 511 548 alias
545 484 662 547 nrinus.
717 477 813 545 Deus
846 479 972 564 mitigat
1003 484 1158 563 poenast
1182 479 1339 564 quisunt
1362 481 1481 543 sancti.
1526 477 1588 543 Est
1609 475 1833 564 impossibile,
1861 499 1938 546 esse
1967 500 2169 549 conversum

37 618 45 629 .
145 569 330 657 aliquibus,
358 569 413 655 qui
437 577 692 644 convertuntur;
724 566 817 651 quia,
849 566 878 629 si
911 576 1132 649 exequeretur
1154 574 1157 655 g
1182 577 1217 630 et
1238 559 1374 648 plaeere
1400 564 1474 633 Deo
1486 609 1497 641 ,
1535 566 1734 634 retinentem
1766 579 1907 650 peccata
1940 578 2056 633 contra
2088 587 2168 634 con·

145 659 292 745 rigorem
315 656 459 722 iustitiae
481 673 582 731 suae,
616 664 736 718 natura
769 651 879 718 subito
901 651 1033 737 periret.
1088 648 1132 715 Et
1154 658 1157 692 ι
1181 649 1364 717 scientiam.
1670 671 1677 676 ·

145 744 304 808 debemus
334 743 440 820 scire,
478 739 568 825 qnod
589 737 684 805 Deus
717 739 790 802 sine
823 735 892 802 nlla
928 718 1158 801 dubitationel
1270 735 1350 801 ldeo
1386 755 1470 822 ergo
1509 732 1683 823 discipline
1724 738 1843 805 dicitur
1880 739 2093 827 paedagogia
2113 741 2169 806 ad

145 828 225 895 velit
248 829 412 914 praestari
434 824 654 911 disciplinam,
670 836 707 891 ut
730 825 873 889 vitentur
893 843 1033 908 poenae.
1071 821 1130 887 lob
1182 819 1366 900 Christum,
1388 820 1529 889 ethaeo
1550 825 1762 911 paedagogia
1789 837 1841 890 est
1863 822 1959 904 talis,
1992 837 2030 892 ut
2062 828 2169 909 possit

145 916 265 1001 inquit:
296 916 433 980 Verebar
451 920 558 979 omnio
586 931 686 996 opero
707 931 789 992 mea,
817 917 934 988 setene,
962 911 1048 991 qood
1067 928 1132 974 two
1155 965 1158 985 Ε
1181 905 1294 993 aliquo
1327 908 1427 974 modo
1460 906 1565 982 ellici,
1599 931 1798 997 quamquam
1826 906 1993 976 Diabolus
2026 910 2169 978 horribi-

141 1009 256 1088 parcia
289 1004 494 1082 delinquenti.
549 996 643 1063 Deus
676 997 774 1063 etiam
808 997 842 1060 in
875 994 1031 1061 Ecclesia
1064 1014 1131 1059 non
1155 997 1159 1055 l
1180 990 1257 1060 liter
1277 994 1424 1080 impedit,
1459 1006 1493 1060 et
1514 993 1659 1063 humana
1682 997 1853 1062 infirmitas
1875 994 1973 1077 iacit,
2005 1008 2042 1064 ut
2063 995 2168 1064 homi·

168 1088 252 1153 arcit
281 1085 484 1151 violantibus
521 1082 752 1171 disciplinam,
784 1082 872 1148 sicut
893 1102 960 1146 non
984 1083 1131 1166 pepercit
1154 1086 1158 1156 1
1183 1100 1245 1146 nes
1268 1081 1335 1145 sint
1368 1099 1508 1169 segnes,
1541 1093 1578 1148 ut
1609 1103 1676 1149 non
1703 1084 1894 1149 annitamur
1927 1092 1960 1149 et
1994 1095 2169 1166 conentur,

144 1111 276 1240 havtdt.
1182 1165 1239 1232 alii
1272 1166 1347 1232 aliis
1379 1177 1460 1234 sunt
1486 1170 1662 1256 segniores
1696 1170 1795 1237 etiam
1828 1181 1958 1235 natura.
2019 1170 2098 1236 ldco
2132 1172 2166 1236 in

231 1260 285 1323 lll.
309 1256 375 1321 Pro
399 1268 450 1321 ter
472 1253 557 1321 alios
579 1254 750 1334 homines,
788 1253 861 1319 sive
887 1264 1024 1338 propter
1051 1249 1131 1317 alio·
1183 1252 1360 1340 disciplina
1381 1254 1479 1320 etiam
1501 1256 1599 1340 pauci
1622 1266 1701 1322 sunt
1721 1252 1891 1340 inculpati,
1920 1266 1957 1322 ut
1978 1257 2026 1321 ita
2047 1258 2168 1324 dicam.

145 1366 216 1413 rum
239 1279 527 1429 tranquihitetem
559 1342 637 1430 quia
654 1342 822 1407 nascimur
852 1360 918 1404 non
940 1339 1039 1404 nohis
1061 1350 1131 1402 tan·
1182 1338 1275 1406 Haec
1303 1340 1426 1405 dehent
1458 1359 1536 1407 esse
1557 1341 1659 1407 iniixa
1680 1343 1799 1408 animis
1821 1342 1964 1421 vestris,
1995 1355 2030 1408 ut
2053 1343 2169 1408 sciatis

146 1446 227 1499 mm.
270 1428 366 1496 Deus
388 1427 461 1494 vult
482 1449 546 1494 nos
569 1448 648 1494 esse
669 1427 863 1505 modestos,
900 1435 934 1491 et
951 1424 1132 1508 reprimere
1183 1445 1262 1492 esse
1288 1427 1524 1513 praestandam
1558 1424 1790 1513 disciplinam,
1822 1432 1885 1494 dua
1911 1448 1989 1494 mon
2020 1433 2110 1495 nield
2129 1449 2169 1495 eo

144 1517 293 1596 furores,
327 1526 364 1582 ut
396 1514 454 1581 alii
486 1513 632 1580 habeant
665 1533 802 1597 pacem,
837 1523 870 1576 et
902 1513 1036 1596 possint
1067 1511 1132 1597 ipsi
1182 1513 1305 1580 abach
1326 1513 1403 1579 tede.
1447 1511 1493 1577 Ut
1519 1511 1605 1579 haec
1626 1514 1702 1599 ipsa
1731 1511 1907 1599 disciplina
1934 1514 1979 1579 sit
2001 1515 2169 1601 paedago-

66 1608 70 1612 “
145 1624 280 1692 qnoque
303 1603 403 1668 vitam
425 1601 604 1666 honestam
625 1611 660 1666 et
683 1611 756 1664 tran
781 1595 891 1665 uillam
913 1617 1026 1686 agere.
1183 1599 1240 1686 gia
1262 1600 1306 1663 ad
1319 1597 1504 1667 Christum:
1527 1599 1561 1664 id
1583 1612 1648 1679 est,
1672 1610 1708 1666 ut
1729 1599 1880 1666 homines
1897 1601 2012 1665 doceri
2024 1603 2167 1684 possint,

233 1689 302 1754 llll.
326 1687 373 1752 Ut
396 1689 440 1751 ait
460 1688 671 1773 paedagogia
699 1687 733 1750 in
756 1620 937 1751 {hristum
989 1683 1068 1749 Woe
1089 1690 1135 1750 tat
1182 1696 1216 1751 et
1234 1682 1377 1769 Spiritus
1411 1696 1547 1751 sanctus
1569 1687 1615 1750 sit
1646 1682 1769 1752 efficax
1791 1687 1826 1752 io
1851 1687 1967 1752 nobis:
2000 1687 2169 1772 quianon

145 1781 207 1844 doe
226 1778 365 1860 perede?
398 1774 503 1839 Estne
516 1774 665 1840 interitum
677 1773 883 1837 remissionis
895 1769 1132 1857 peccatorum?
1183 1781 1233 1837 est
1256 1770 1378 1837 efficax
1400 1774 1433 1837 in
1455 1769 1542 1853 illis,
1557 1770 1614 1858 qui
1636 1784 1854 1856 perseverant
1875 1774 1908 1837 in
1931 1769 2064 1838 dilectis
2088 1793 2168 1840 con·

91 1895 94 1899 ·
146 1863 251 1928 Estne
273 1861 398 1927 iustitia
420 1881 532 1925 coram
552 1859 648 1926 Boo?
678 1859 910 1944 Nequaquam
933 1857 1001 1922 lrno
1024 1857 1131 1921 omnis
1183 1868 1236 1924 tra
1271 1858 1523 1924 conscientiam.
1588 1858 1680 1923 llaec
1714 1871 1766 1924 est
1798 1871 1935 1925 aeterna
1968 1869 2001 1924 et
2032 1860 2168 1926 immota

147 1961 341 2016 sanctorum
364 1947 499 2023 iustitia,
521 1957 556 2011 ut
578 1944 747 2024 Abrahae,
769 1944 876 2023 Isaac,
899 1942 1040 2030 Moysis,
1063 1941 1131 2008 Da·
1182 1945 1324 2010 veritas:
1358 1949 1460 2011 Lucet
1477 1948 1530 2011 dte
1550 1948 1679 2012 eodm
1700 1949 1871 2030 ecdrcpen,
1892 1951 1953 2013 tole
1973 1950 2023 2013 tle
2044 1949 2168 2013 wotbra

148 2038 246 2115 vidis,
267 2033 450 2119 Baptistae,
470 2029 581 2111 Pauli,
614 2029 723 2117 qualis
746 2042 798 2096 est
820 2030 917 2097 etiam
938 2039 1016 2114 post
1036 2048 1133 2114 rege·
1268 2030 1336 2095 lem
1359 2032 1512 2117 quaestio
1535 2042 1602 2097 est:
1636 2030 1748 2105 Quare
1779 2044 1961 2100 accusatur
1984 2029 2050 2100 -illo
2080 2032 2168 2098 Pha·

149 2123 369 2199 oerationem,
408 2120 441 2186 in
471 2140 571 2185 unum
605 2115 746 2196 collata,
787 2128 897 2182 tamen
936 2136 1004 2181 non
1039 2126 1132 2181 esset
1183 2115 1364 2185 usserat.

146 2208 299 2275 meritum
321 2205 526 2271 remissionis
555 2216 779 2291 peccatorum.
834 2198 936 2268 Nulla
967 2212 1020 2268 est
1052 2220 1129 2286 pro·
1313 2235 1510 2303 Gratiam
1532 2240 1621 2304 actio
1642 2246 1692 2303 m
1712 2257 1851 2304 mmm
1872 2239 1977 2305 mam
1998 2238 2084 2304 Dei:

146 2296 257 2446 llomo
280 2293 481 2358 iustissimae
497 2291 568 2355 irae
589 2289 655 2357 Dei
676 2291 719 2356 ad
741 2289 813 2357 ulla
838 2288 983 2355 hnmana
1004 2288 1131 2353 merita
1311 2325 1372 2389 me
1393 2326 1463 2409 “9¹⁸⁶
1481 2326 1616 2410 yma-as
1638 2324 1713 2390 Deo
1749 2327 1837 2412 quod
1858 2344 1923 2391 mm
1943 2327 1987 2391 aq
2008 2324 2158 2391 moechm

178 2378 247 2447 ulle
279 2379 403 2444 institia
441 2377 610 2443 hominum
641 2387 754 2461 potest
793 2373 914 2441 tollere
945 2377 1028 2442 iram
1054 2371 1130 2440 Dei.
1356 2412 1501 2491 adulter,
1519 2420 1659 2496 raptor:
1719 2371 1732 2404 ⁹
2156 2370 2170 2403 ι

147 2465 249 2534 Nulla
280 2463 456 2568 disciplina
495 2475 546 2528 est
578 2465 728 2530 meritum
769 2462 977 2537 remissionis
1010 2480 1130 2546 pecca-
1317 2496 1366 2562 Er
1388 2518 1408 2562 ο
1430 2498 1544 2564 mm
1565 2498 1640 2565 Deo
1703 2499 1804 2565 att-am
1838 2504 1870 2562 οἱ
1892 2498 1968 2564 hm
1984 2495 2084 2580 tam-t,

148 2565 268 2620 torum.
312 2549 445 2616 Deinde
478 2547 564 2614 haec
596 2550 671 2635 ipsa
703 2548 880 2634 disciplina
910 2549 1056 2613 nondum
1078 2555 1132 2612 est
1363 2520 1388 2584 9
1658 2517 1702 2584 Ψ
1804 2544 1816 2577 ’

146 2636 205 2706 illa
227 2638 363 2716 iustitia,
396 2657 496 2723 qnam
518 2635 613 2702 Deus
635 2639 828 2721 pronuntiet
860 2653 939 2700 osse
961 2633 1129 2700 iustitiam
1268 2632 1343 2699 Non
1366 2633 1501 2702 dubium
1522 2647 1674 2702 estesse
1704 2635 1898 2702 beneficium
1920 2636 2065 2702 didnum
2092 2635 2170 2701 abs·

147 2725 238 2800 Quid
270 2735 323 2790 est
344 2724 469 2810 igitur?
523 2719 586 2787 Est
619 2723 807 2788 obedientia
840 2733 998 2800 externa,
1031 2739 1130 2805 quam
1181 2718 1287 2786 tinere
1311 2718 1487 2789 adelictis
1501 2719 1702 2791 violantibus
1720 2720 1945 2809 disciplinam
1976 2725 2055 2807 quia
2075 2731 2171 2788 tenta

145 2808 242 2897 Deus
264 2811 414 2896 requirit,
439 2810 537 2873 etiam
557 2808 592 2872 iu
613 2830 681 2874 non
703 2808 841 2887 renatis,
864 2819 897 2871 et
920 2827 1006 2892 quae
1027 2803 1131 2872 habet
1182 2817 1235 2874 est
1255 2805 1430 2873 infirmitas
1451 2808 1640 2888 hominnm,
1668 2819 1703 2874 et
1723 2819 1812 2874 tanta
1841 2821 1896 2874 est
1917 2810 2069 2895 potentia
2088 2806 2170 2874 Dia·

142 2899 294 2986 praemia
316 2892 528 2979 temporalia,
561 2894 648 2959 sicut
679 2905 731 2959 est
753 2889 948 2980 plerumque
967 2890 1132 2977 placidior
1183 2889 1270 2973 boli,
1302 2903 1337 2958 ut
1370 2890 1470 2961 facile
1500 2893 1656 2961 labantur
1692 2893 1843 2961 homines
1875 2891 2009 2980 impulsi
2041 2914 2062 2959 a
2089 2891 2170 2959 Dia·

146 2985 216 3051 rita
237 2996 270 3049 et
293 2985 401 3047 exitus
422 2980 659 3046 modestorum.
1160 3001 1163 3007 ·
1181 2976 1275 3059 bolo,
1297 2980 1362 3044 nisi
1373 2980 1530 3047 divinitus
1542 2982 1772 3048 custodiantur
1789 2983 1888 3048 etiam
1904 2983 1938 3047 in
1955 2979 2013 3047 illa
2029 2991 2171 3047 externa

234 3066 366 3152 Dequo
379 3062 501 3131 multae
519 3079 597 3131 sunt
616 3063 813 3150 praeclarae
831 3065 1016 3131 sententiae
1032 3067 1131 3130 etiam
1181 3063 1366 3152 disciplina
1411 3066 1531 3133 Videte
1560 3088 1708 3135 summos
1741 3069 1834 3136 viros
1870 3070 1958 3147 and
1978 3065 2170 3148 Ethnioos,

147 3153 381 3222 Ethnicorunt:
416 3164 451 3217 ut
483 3152 516 3217 in
549 3152 618 3216 vita
640 3151 813 3237 Pomponii
835 3152 949 3231 Attici,
982 3152 1038 3237 qui
1070 3151 1133 3217 fuit
1182 3149 1378 3239 plerumque
1407 3149 1541 3220 fuerunt
1567 3153 1685 3239 polluti
1713 3156 1859 3220 externis
1890 3090 2054 3241 lapsibus.
2109 3153 2170 3219 Sa·
2204 3238 2205 3241 Ἴ

149 3241 333 3309 virbonus
356 3253 390 3304 et
418 3235 600 3319 honestus,
636 3239 774 3304 dicitur:
811 3241 873 3305 Sui
891 3245 1004 3320 cuique
1024 3258 1132 3305 atores
1183 3259 1269 3305 neca
1290 3239 1410 3324 inquit:
1445 3241 1564 3307 Οηιιιεε
1583 3240 1771 3325 peccamus,
1805 3249 1837 3306 ct
1864 3242 2023 3306 mmmdcc·
2041 3240 2170 3324 catapi-

145 3334 315 3414 l’ortuoom
330 3331 468 3410 sociant.
513 3323 649 3404 Contra,
671 3325 713 3389 de
735 3326 854 3411 poenis
882 3335 934 3390 cst
955 3324 1043 3409 apud
1065 3323 1133 3390 llo·
1182 3328 1313 3392 ratione
1332 3345 1433 3411 penus
1454 3327 1624 3393 Ιιιιιιιαιιιιηι
1644 3330 1713 3393 tait
1745 3329 1781 3393 ta
1801 3330 1896 3394 uitia
1940 3327 2103 3413 Loquitur
2126 3327 2170 3393 de

148 3435 290 3482 merum:
325 3411 370 3477 Oi
403 3409 462 3518 γᾶς
496 3415 619 3494 σχέτλια
647 3413 718 3494 ἔργα
741 3417 812 3476 θεοὶ
831 3411 966 3493 μάκαρες
987 3418 1132 3495 φιλέουσι.
1184 3414 1330 3478 externis
1352 3415 1520 3499 peccatis:
1566 3415 1620 3482 uia
1641 3435 1740 3481 nemo
1762 3426 1834 3496 ost,
1890 3415 1923 3479 ui
1949 3434 2017 3480 uon
2044 3414 2171 3478 habeat

146 3500 246 3568 Item:
287 3497 350 3564 Οἷα
380 3495 405 3561 τ’
439 3497 516 3583 arip
550 3497 648 3584 ἕρξει,
688 3504 766 3563 τοῖον
797 3503 880 3573 τέλος
912 3495 999 3562 αὐτὸν
1027 3497 1132 3563 ἱκάνει.
1155 3545 1160 3618 Ι
1184 3510 1324 3564 externa
1345 3512 1497 3584 peccata.
1581 3512 1614 3565 st
1645 3503 1746 3588 igitur
1774 3502 1850 3588 sing
1908 3520 1945 3567 re
1972 3499 2169 3565 beneficium

147 3589 244 3655 ltemt
268 3585 389 3670 Οὐδεὶς
421 3581 601 3672 ἀνθρώπων
633 3583 750 3652 ἀδικῶν
781 3608 859 3650 τισιν
897 3583 949 3648 oda
986 3584 1133 3650 ἀποτίσει
1183 3584 1259 3665 Dei,
1279 3587 1451 3668 custodlrl,
1483 3607 1527 3654 ne
1559 3586 1681 3675 aliquis
1714 3587 1838 3654 lnoidttt
1871 3587 1905 3653 ia
1937 3597 2078 3673 peecata
2105 3604 2169 3654 sou

148 3674 220 3743 Lex
253 3684 394 3740 naturae
427 3690 490 3736 seu
521 3670 639 3737 notitia
670 3670 793 3756 Legis,
833 3690 922 3757 qnae
954 3682 1067 3737 manet
1098 3672 1133 3736 in
1183 3682 1271 3738 tetra
1292 3669 1435 3740 scelera.

147 3761 328 3839 mentibus,
350 3759 442 3824 videt
462 3757 529 3823 hoc
552 3777 630 3823 esse
645 3760 802 3824 iudicium
813 3755 890 3838 Dei,
912 3770 945 3824 et
966 3757 1134 3843 experitur
1268 3756 1483 3844 Respondeo.
1537 3757 1676 3826 Etiamsi
1707 3757 1911 3826 Pharisaeus
1943 3756 2046 3825 habet
2077 3753 2169 3825 illam
2234 3758 2237 3761 ’

146 3849 181 3915 in
204 3847 433 3914 communibus
455 3845 545 3910 vitae
567 3864 662 3910 exem
684 3841 739 3909 lis.
1181 3845 1423 3950 hypocriticam
1441 3847 1597 3913 iustitiam
1620 3860 1654 3913 et
1675 3846 1872 3926 doctrinam,
1898 3841 1957 3911 illa
1978 3864 2058 3912 esse
2078 3845 2171 3911 dono

96 3942 101 3947 ’
234 3926 618 4019 Cnmigiturdisciplina
635 3867 693 3996 tlh
708 3951 775 3996 non
792 3931 837 3995 sit
851 3932 1002 3996 meritum
1020 3931 1135 3996 remis·
1182 3932 1262 3998 Der:
1296 3943 1407 3998 tamen
1439 3953 1508 4002 non
1541 3935 1624 3998 satis
1658 3943 1721 3999 est.
1781 3932 1827 3999 Es
1859 3933 1902 3998 t‘st
1931 3931 2008 3998 ebes
2035 3951 2074 3998 so
2104 3931 2172 3999 olel

147 4021 253 4086 sionis
275 4031 512 4103 peccatorum,
543 4029 577 4083 et
604 4037 673 4083 non
695 4019 740 4083 sit
760 4018 885 4083 iustitia
907 4038 1021 4084 coram
1037 4016 1134 4094 Deo;
1180 4020 1308 4104 perede,
1330 4019 1463 4107 quando
1486 4018 1690 4085 Pharisaeus
1719 4016 1777 4085 ille
1810 4021 1936 4107 gratias
1958 4019 2043 4104 agit,
2075 4027 2112 4084 ut
2138 4014 2170 4082 si

147 4105 217 4176 Gur
238 4116 379 4172 vocatur
399 4105 612 4192 paedagogia
633 4105 668 4170 in
691 4104 883 4170 Christum‘l
928 4103 1027 4184 ldeo,
1056 4103 1134 4187 quia
1183 4106 1383 4192 quisdicat,
1415 4107 1471 4192 qui
1502 4107 1548 4172 sit
1579 4108 1757 4186 robustus,
1789 4105 1932 4172 Domine
1953 4103 2068 4188 Deus,
2100 4123 2169 4191 ago

147 4194 296 4260 retinens
318 4202 492 4276 peccatum
514 4205 632 4256 contra
654 4191 912 4270 conscientiam,
943 4210 1010 4257 non
1038 4209 1133 4276 rege·
1183 4192 1242 4257 tibi
1264 4194 1411 4279 gratias,
1445 4194 1535 4278 quod
1567 4192 1647 4273 mihi
1680 4193 1799 4259 dedisti
1835 4194 2010 4259 robustum
2032 4210 2168 4277 corpus.

147 4290 296 4346 noratur:
317 4298 428 4362 neque
449 4297 673 4361 perseverans
695 4280 729 4344 in
750 4278 900 4364 peccatis
918 4287 1035 4343 contra
1053 4296 1132 4342 con·
1182 4276 1287 4344 Estne
1309 4281 1376 4345 hoo
1398 4282 1481 4351 satis
1502 4281 1546 4346 ad
1566 4280 1722 4346 iustitiam
1739 4300 1852 4345 coram
1867 4276 1967 4345 Deoi
1997 4278 2074 4343 Non
2097 4287 2170 4355 est3

148 4365 321 4433 scientiam
335 4361 446 4449 placet
457 4364 549 4430 Doot
571 4365 663 4430 iuxta
680 4362 777 4431 illud:
803 4367 865 4444 Qut
881 4369 1025 4449 feceriut
1044 4365 1133 4447 tace,
1183 4366 1261 4452 quia
1289 4368 1521 4454 unusquisque
1544 4368 1610 4433 hoo
1643 4377 1757 4453 potest
1777 4367 1892 4432 dicare
1913 4365 2080 4435 communi
2107 4361 2169 4450 hy·

147 4474 213 4523 noa
244 4453 458 4537 possidebunt
494 4471 628 4533 reanum
651 4452 727 4520 Det
780 4450 881 4533 ltem,
912 4450 1133 4517 iuramentum
1181 4453 1318 4539 pocrisi,
1340 4476 1416 4523 cum
1437 4465 1557 4521 natura
1577 4450 1691 4540 aliquo
1706 4454 1807 4520 modo
1825 4463 1992 4541 agnoscat
2011 4450 2073 4518 illa
2089 4470 2169 4517 osse

147 4539 293 4607 divinum
314 4537 409 4603 dicit:
440 4540 509 4604 Vtoo
529 4558 596 4622 epo,
616 4543 691 4605 nolo
712 4548 847 4606 mortem
891 4543 1056 4620 occatoris,
1072 4539 1135 4603 sed
1182 4540 1272 4607 dona
1289 4541 1364 4608 Dei.
1868 4582 1869 4585 =

23 4706 26 4714 ¹
146 4637 184 4695 ιιι
202 4633 408 4695 concertatur
425 4633 458 4690 et
477 4631 569 4690 sicot
600 4622 664 4690 Est
684 4644 751 4691 nna
774 4646 837 4711 cop
876 4626 976 4704 ativa,
999 4634 1133 4708 oportet

147 4711 219 4780 ficri
252 4711 523 4780 conversionem:
553 4709 590 4776 ln
613 4731 667 4792 eo,
701 4713 756 4798 qui
789 4722 987 4798 perseverat
1019 4711 1052 4775 in
1075 4709 1133 4774 de·

146 4794 236 4866 lictis
283 4810 400 4866 contra
444 4796 701 4879 conscientiam,
745 4818 813 4864 non
851 4808 903 4863 est
942 4797 1131 4862 conversio.
1372 4839 1382 4856 .
1414 4839 1423 4855 .
1772 4839 1781 4857 .
1928 4839 1938 4848 .
2005 4837 2015 4854 .

147 4883 275 4952 Pardus
313 4884 485 4972 coniungit
518 4883 624 4950 haec:
666 4887 774 4970 Opere
810 4891 923 4951 comta
955 4888 1134 4965 manifesto
1184 4834 1320 4941 Quare
1369 4849 1492 4950 igitur
1540 4837 1850 4950 reprehessdllul
1894 4834 2169 4924 Pnarlsaeusl

147 4980 233 5041 eunt.
277 4969 402 5038 Postea
418 4969 528 5037 addit:
561 4977 617 5054 qut
659 4977 787 5040 crerint
804 4990 858 5058 eo,
885 4990 952 5038 nott
982 4970 1133 5053 posside·
1363 4957 1489 5043 Estne
1520 4958 1728 5072 disciplina
1759 4988 1824 5044 res
1852 4957 1991 5046 molal

146 5057 229 5125 duret
246 5078 382 5140 reputem
402 5063 573 5126 coelorum
656 5059 714 5125 icit
747 5078 825 5125 esse
846 5052 1035 5135 manifesta,
1067 5055 1133 5127 soi·

146 5139 225 5211 lieet
246 5163 330 5210 suae
347 5144 509 5231 cuiusque
531 5145 759 5212 conscientiae
782 5154 892 5217 uota,
928 5141 979 5208 lta
1003 5138 1133 5211 Paulus
1269 5139 1348 5210 Non
1364 5153 1418 5210 est
1438 5139 1539 5224 mala,
1559 5162 1625 5213 suo
1647 5162 1793 5234 gamot
1818 5153 1874 5212 est
1893 5161 1950 5211 res
1971 5140 2169 5231 pnlohmet
