4620 5588
170 184 242 290 ior
808 218 923 288 ram
945 218 1052 288 stau.
1077 196 1267 289 souma
1287 216 1554 288 exaceuoa.
1989 297 1992 301 ,
2092 204 2190 326 ⁸tua

179 422 227 477 ter
248 420 402 478 torraento
419 417 597 497 marmure
618 411 768 492 scilieet,
796 413 874 498 quia
902 408 996 477 multi
1022 412 1160 478 abutun-
1182 422 1186 486 Ι
1208 407 1382 473 &taeda
1402 406 1521 493 linig,
1544 430 1618 477 eum
1640 411 1900 478 instauraturum
1923 430 2062 499 ιιιειιιιιιι
2073 407 2188 478 lsrael.

178 514 232 569 tur
253 520 315 567 sua
337 503 496 586 potentia,
517 514 550 566 at
568 512 647 566 sunt
668 500 702 565 iu
719 498 980 585 magulsupibus
1003 497 1160 563 tnnona·
1182 539 1187 600 Ι
1208 493 1309 561 'l'eiee
1331 494 1524 563 adulatores
1547 507 1642 564 eram
1662 493 1710 562 illi
1728 498 1816 603 apud
1839 496 2016 564 Herodem.

177 587 252 655 ruti.
314 584 382 652 fles
415 586 584 652 secundae
615 582 776 652 infatuant
807 581 975 650 bominest
1019 582 1187 646 sama,
1294 581 1356 646 Est
1379 581 1433 649 bio
1456 603 1550 650 uem
1575 582 1643 649 lum
1664 581 1764 650 auiicr
1786 584 1844 670 pii:
1868 587 1946 735 puin
1966 580 2062 650 Dens
2090 586 2189 651 etiam

176 693 265 758 quam
284 675 422 735 nindtaen
441 673 542 749 sonat,
571 672 697 734 stultam
719 671 824 750 sarit:
850 669 904 732 die
926 668 1009 731 Leut
1036 668 1160 731 werden
1182 636 1187 793 ι
1210 688 1251 732 ax
1272 665 1338 732 illis
1361 670 1425 735 eibi
1447 666 1526 736 colii
1564 666 1764 735 tEcclesiae
1786 690 1871 735 mem
1894 691 1942 736 ra.
1988 670 2111 736 Habuit
2132 673 2188 736 ini·

177 758 361 841 niiwiilip
382 761 415 824 in
437 759 594 824 secundis
616 758 731 829 rebus,
753 769 788 822 et
808 756 842 820 in
864 752 1046 842 opulentia.
1209 754 1256 819 tia
1277 753 1376 827 ndei,
1410 757 1470 820 sed
1503 779 1524 822 a
1548 758 1680 822 modurn
1714 758 1835 844 exigua
1862 768 1897 822 et
1927 753 2097 845 languida.
2143 758 2189 824 ibi

1209 839 1328 906 discite
1349 861 1555 908 communem
1578 860 1616 907 re
1662 838 1752 920 lam,
1784 862 1871 927 quae
1898 854 1950 908 est
1971 841 2069 909 iocus
2090 864 2187 931 prae·

264 930 331 997 Sed
353 926 462 1016 qualia
507 927 592 996 uelis
611 942 663 995 est
682 926 772 1008 aula,
782 940 892 994 tamen
909 925 1011 993 babet
1027 923 1070 992 ali
1095 945 1159 994 uus
1209 927 1327 1011 cipuus
1358 928 1390 991 in
1423 927 1491 993 boc
1523 938 1593 994 toto
1646 926 1825 1015 magalia,
1858 928 1947 1017 quod
1981 930 2070 996 initia
2099 927 2189 1010 fidei,

176 1019 260 1106 pios.
305 1013 417 1083 snnal
502 1038 638 1085 scamus
660 949 1159 1093 incourivio,Lutberua,fon·
1182 1082 1185 1097 ,
1208 1013 1280 1078 sive
1303 1013 1393 1099 quod
1415 1035 1517 1098 parva
1541 1026 1574 1079 et
1597 1015 1649 1079 eni
1739 1013 1836 1095 fides,
1852 1017 1895 1080 sit
1913 1029 2024 1081 tamen
2040 1015 2188 1091 fides;et

177 1115 288 1182 mnus,
309 1106 429 1182 ioum,
453 1100 680 1180 Pomerauus,
713 1113 746 1168 et
779 1121 859 1188 ego;
893 1100 1158 1185 disputabamus,
1181 1124 1185 1225 Ι
1208 1098 1298 1187 quod
1311 1119 1465 1166 crescere
1477 1111 1630 1186 oporteat
1649 1035 1738 1165 liliam
1752 1099 1849 1165 fidem
1862 1102 2187 1182 invocationeette·

177 1210 317 1279 quorum
340 1202 455 1254 essent
477 1189 611 1254 maximi
632 1184 769 1253 labores
789 1188 824 1251 in
847 1183 932 1252 aula.
976 1183 1050 1271 Ego
1069 1184 1158 1250 dice·
1181 1228 1184 1263 ,
1207 1183 1596 1271 stimoniisquotidianis.
1620 1185 1773 1271 Optimus
1784 1184 1885 1252 virl).
1898 1184 2028 1272 Caspar
2039 1187 2187 1254 Creutzi·

177 1277 270 1341 naun
293 1271 508 1359 Cancellarii;
531 1276 619 1362 quod
644 1295 757 1341 verum
781 1284 845 1354 est,
868 1268 1080 1338 cancellaria
1103 1290 1157 1336 co·
1180 1303 1184 1369 ,
1208 1282 1361 1359 gerente
1378 1292 1486 1336 annos
1503 1274 1661 1359 quinque,
1679 1292 1754 1338 cuna
1771 1285 1966 1353 moreretur,
1981 1294 2040 1340 sae
2094 1296 2189 1359 repe·

202 1363 265 1428 itur
286 1363 460 1427 maximnm
473 1358 622 1426 laborem
642 1360 817 1426 sustinere.
860 1357 1028 1424 Lutherus
1041 1369 1156 1421 contra
1180 1373 1184 1415 ι
1207 1356 1319 1447 tabat:¹
1339 1356 1442 1420 fiodo
1459 1357 1606 1438 Domine,
1623 1378 1804 1441 quamquam
1824 1359 1972 1425 imbecilli
1988 1368 2019 1423 et
2086 1360 2187 1443 quido

177 1383 320 1514 licebat,
364 1443 495 1512 Deinde
522 1447 703 1512 transibam
729 1447 772 1510 ad
800 1444 1018 1526 Quaestores,
1039 1464 1075 1503 m
1096 1442 1157 1504 alen
1179 1442 1944 1535 ifida,aerltatonranlonpuidomfidarnrecipies.
1969 1444 2187 1515 Christusne.

176 1532 413 1605 Rentmer‘sterrn
426 1533 544 1596 dedis
560 1536 695 1617 repr‘star
715 1532 839 1594 butten:
861 1532 894 1595 in
918 1532 1039 1617 quibus
1058 1549 1156 1614 opor·
1180 1550 1183 1581 ³
1207 1529 1284 1615 cipit
1306 1530 1460 1612 exiguum
1483 1530 1599 1607 iidem
1621 1530 1681 1596 sed
1703 1534 1736 1595 in
1758 1526 1837 1613 illis,
1859 1534 1915 1621 qui
1939 1546 2045 1612 orant,
2071 1547 2107 1599 nt
2128 1557 2187 1599 nu·

178 1632 225 1686 tet
245 1639 324 1684 asse
348 1641 500 1706 raragnam
523 1621 554 1684 vi
581 1617 739 1697 ilantianr,
761 1633 795 1684 et
814 1615 1155 1701 circumspectionem,
1179 1624 1182 1701 j
1206 1627 1325 1703 geatur
1342 1614 1438 1696 fides,
1461 1630 1496 1682 ut
1519 1619 1689 1695 inventur,
1719 1633 1755 1682 ut
1782 1621 2025 1705 provehantur,
2052 1632 2187 1704 oportet

177 1705 254 1768 dota
276 1707 539 1774 circinnatores
599 1702 820 1767 seirekonrman
842 1707 895 1775 ist,
913 1724 978 1763 acas
995 1699 1154 1783 dielirap
1178 1738 1182 1775 ι
1207 1720 1285 1766 esse
1308 1699 1435 1768 dociles
1458 1701 1556 1782 tales,
1579 1705 1634 1789 qui
1657 1700 1761 1769 velint
1784 1725 1953 1783 cresccre,
1975 1703 2186 1772 Patiteatac·

178 1799 224 1853 iar
245 1812 516 1877 cermopen,quae
538 1793 603 1856 sint
622 1787 801 1856 facultates
823 1789 1000 1874 Principis,
1024 1788 1080 1874 qui
1102 1806 1154 1851 re·
1179 1828 1181 1859 :
1206 1790 1343 1869 cipietis.
1388 1786 1456 1854 ista
1477 1790 1592 1874 petitio
1615 1789 1735 1855 dicitur
1757 1810 1833 1855 esse
1856 1792 1993 1858 assidua
2023 1807 2056 1858 et
2079 1794 2186 1880 quoti·

178 1879 266 1944 ditus
290 1880 389 1943 totius
412 1878 556 1943 ditionis.
602 1874 665 1942 Est
686 1896 827 1963 magnus
849 1872 962 1951 labor,
990 1886 1024 1940 ct
1046 1875 1154 1960 requi·
1178 1910 1181 1921 ·
1206 1874 1316 1952 diana,
1339 1886 1419 1939 tunc
1442 1873 1541 1940 limnn
1563 1872 1731 1962 fumigans
1754 1896 1820 1943 nou
1844 1879 2064 1966 extinguetur.

176 1963 219 2029 rit
242 1963 541 2029 considerationem
565 1961 764 2050 diligentem.
810 1962 930 2027 Andivi
955 1981 991 2025 re
1017 1958 1153 2025 uehendi
1178 2004 1181 2009 ·
1292 1959 1379 2034 Quid
1401 1982 1528 2038 sunaus,
1550 1982 1648 2046 quarn
1671 1958 1737 2026 lina
1760 1958 1839 2027 furui
1865 1963 1975 2029 untia‘i
2006 1963 2115 2028 uram
2133 1966 2183 2045 fa-

176 2049 209 2117 in
233 2061 349 2115 nostro
367 2049 569 2135 imperatore
586 2050 697 2114 avinis
714 2050 886 2135 gravibus,
906 2047 961 2133 qui
985 1982 1154 2124 (licebant,
1205 2048 1345 2129 stipans,
1380 2048 1412 2111 id
1446 2060 1519 2116 est,
1553 2049 1604 2106 eia
1626 2046 1735 2127 dorla
1758 2050 1808 2110 ein
1855 2049 1914 2122 citt,
1942 2049 2040 2113 Wenn
2061 2051 2112 2115 ilar
2134 2056 2185 2114 eia

176 2155 252 2202 euru
275 2155 352 2200 esse
370 2136 465 2200 nimis
488 2133 677 2222 diligentem
707 2137 739 2200 in
769 2132 923 2222 legendis
945 2145 978 2196 et
1000 2132 1153 2197 ecateida·
1205 2130 1282 2194 liciat
1303 2131 1486 2213 omkseiet,
1509 2153 1545 2193 so
1560 2131 1700 2211 [imolam
1722 2155 1755 2199 es
1777 2134 1857 2198 noel
1886 2140 1937 2198 ein
1969 2141 2089 2221 mariq,
2123 2136 2186 2200 doe

175 2221 289 2288 randis
313 2222 509 2299 rationibus,
532 2222 619 2306 qnod
643 2217 779 2287 multum
802 2221 959 2304 temporis
982 2219 1012 2283 ei
1036 2219 1082 2284 rei
1097 2219 1153 2282 tri·
1203 2217 1271 2279 will
1290 2218 1368 2280 Gott
1389 2219 1488 2281 aoidar
1507 2219 1749 2292 onzwrden,dos
1769 2240 1839 2284 moa
1860 2231 1951 2285 ronst
1971 2231 2081 2286 aenan
2102 2221 2184 2311 elly·

162 2310 308 2374 ‘buteram
331 2307 416 2368 Ader
438 2327 472 2368 er
488 2307 544 2369 lact
565 2306 649 2368 wod!
661 2315 798 2388 genart,
831 2325 918 2367 wenta
950 2309 1035 2366 einer
1062 2324 1154 2386 prosa
1205 2305 1337 2378 chnion,
1360 2306 1391 2368 id
1414 2316 1487 2384 est,
1522 2308 1573 2366 eia
1594 2305 1714 2384 tiocli,
1744 2306 1805 2370 dar
1824 2329 1895 2369 mon
1915 2310 2018 2373 muclet
2039 2331 2080 2375 er:
2101 2305 2184 2389 lino,

175 2394 254 2476 dnm
276 2393 367 2456 tlara
388 2392 471 2465 sall,
504 2414 539 2456 ιο
573 2415 655 2454 nnus
687 2414 720 2455 er
747 2393 814 2476 yelt
840 2392 950 2465 boden,
973 2391 1052 2454 oder
1073 2412 1154 2452 nuiss
1204 2389 1258 2455 vel
1280 2388 1345 2455 alio
1363 2389 1457 2457 simili
1481 2392 1707 2459 materiamina
1724 2402 1863 2456 narratae
1879 2391 1981 2461 linum
2003 2393 2082 2461 fumi
2108 2415 2185 2477 ans,

173 2484 305 2553 witam,
337 2501 385 2540 roo
418 2501 505 2541 mona
536 2479 659 2541 neaman
688 2479 755 2553 sol,
778 2481 832 2542 die
853 2479 1018 2543 Rsnteret‘e
1038 2480 1081 2538 iat
1104 2480 1154 2538 ein
1204 2479 1254 2537 cin
1276 2478 1383 2546 ducit.
1405 2479 1482 2540 dosa
1503 2477 1584 2539 ttocft
1605 2481 1655 2540 ein
1675 2482 1776 2562 wmaip
1793 2482 1945 2559 suurltit,
1958 2482 2020 2549 dos
2041 2417 2186 2546 toilGott

173 2586 284 2648 prosse
317 2566 426 2627 arbeit.
476 2562 649 2632 antherus
684 2568 781 2633 etiam
816 2567 972 2652 negabat.
1029 2562 1153 2629 Postea
1202 2563 1512 2629 nicdtoualaaseian:
1530 2562 1670 2644 scilicet,
1684 2567 1716 2630 iu
1738 2577 1874 2651 petente
1896 2566 2062 2634 auxilinm.
2086 2568 2185 2635 lteruz

173 2653 355 2718 transibam
389 2652 433 2716 ad
457 2671 596 2738 coquos.
639 2649 690 2719 llli
725 2664 914 2738 coguntur,
946 2651 1088 2717 maxime
1120 2651 1153 2715 iu
1206 2650 1364 2713 Columna
1384 2659 1564 2734 quassatum
1586 2673 1649 2714 non
1680 2655 1875 2735 confringet.-
1909 2652 1976 2717 Wir
2003 2655 2077 2718 sind
2101 2675 2186 2717 orme

174 2735 367 2818 Germania,
388 2748 506 2803 noctes
529 2750 561 2804 ct
584 2739 656 2802 dies
679 2759 720 2805 co
746 2758 843 2816 uere,
864 2749 1032 2804 torrentur
1053 2735 1153 2802 fumis
1203 2745 1391 2800 aeratossene
1407 2737 1507 2818 Roir,
1530 2738 1638 2800 alardo
1659 2736 1738 2801 leat:
1760 2759 1875 2806 sumus
1892 2738 2008 2821 laceri,
2022 2741 2185 2808 habemns

173 2835 208 2890 et
228 2825 361 2912 ignibus
385 2837 568 2909 perpetuo,
600 2837 635 2888 et
668 2760 820 2909 prolecto
855 2835 908 2889 est
936 2824 1018 2891 dura
1040 2819 1153 2888 militia
1203 2827 1329 2904 saucia,
1352 2822 1541 2904 imbecillia,
1566 2837 1600 2889 et
1621 2820 1780 2910 languida
1813 2826 1941 2906 corda,
1976 2837 2084 2894 tamen
2119 2846 2185 2893 noe

171 2929 361 3064 ffiqulmff
373 2912 415 3061 liu
437 2911 853 3062 nlsffifum¹l⁰⁰il⁵d⁶t
864 2910 1075 3061 Ρἓιίιὶιιιιιὶιιιιιιιίε
1098 2929 1152 2975 au·
1176 2943 1181 3050 ,
1202 2912 1271 3058 {51⁰³
1295 2907 1534 3077 izFiliumi
1556 2910 1689 3060 Balbin
1710 2913 1778 2973 sein
1799 2911 1853 3061 ing
1872 2913 1943 3082 Ἅι
1954 2914 2184 2999 praeconiumz

218 3015 460 3062 .narae
578 3016 833 3063 mesura:
920 3016 974 3062 aar
1031 3015 1152 3062 ocne·
1336 3017 1406 3060 naen
1526 3016 1585 3063 ona
1669 3018 1872 3070 ,nonem
1944 3043 1952 3060 .

171 3083 278 3234 habat
299 3079 479 3159 Lutberus,
502 3093 535 3149 et
558 3082 689 3147 dicebat
713 3079 844 3147 illorum
872 3101 950 3147 csse
977 3081 1152 3148 maximum
1175 3074 1180 3169 l
1503 3017 1526 3078 ⁹

209 3169 337 3248 boram,
358 3169 414 3256 qui
438 3178 603 3254 coguntur
625 3168 801 3233 exhaurire
823 3169 892 3234 vini
915 3179 947 3233 et
969 3167 1153 3233 cerevisiae
1175 3176 1179 3245 1
1857 3230 1860 3235 ,
2001 3228 2012 3249 ,

172 3264 313 3333 mutum,
334 3264 371 3320 ut
393 3273 562 3340 nunquam
585 3255 758 3340 quiescant
791 3266 890 3319 nocte
923 3251 978 3320 vel
1012 3255 1082 3321 die:
1115 3267 1152 3319 ut
1176 3291 1179 3314 ι
1203 3226 1380 3331 anndO
1413 3227 1734 3311 condemnantur
1764 3241 1950 3340 peienfefl
1981 3257 2108 3340 signa,
2140 3242 2184 3312 ei

172 3341 273 3409 uobis
294 3340 376 3407 dixit
395 3359 480 3405 unua
514 3360 555 3404 en
589 3341 714 3406 nostris
734 3338 925 3446 Nobilibus:
958 3339 1041 3406 Cum
1075 3352 1179 3443 post,
1247 3348 1412 3458 (ΝΜΟ
1442 3348 1593 3431 iustum
1625 3363 1688 3432 est
1717 3348 1969 3433 congideme
2000 3348 2141 3462 signa?

173 3447 319 3581 pugnam
343 3419 614 3513 Molpergensem
643 3438 712 3493 tres
734 3428 805 3492 dres
828 3446 951 3512 passus
973 3437 1063 3492 esset
1084 3447 1152 3493 rue·
1176 3437 1180 3512 ῑ

196 3504 206 3532 d

169 3534 281 3599 Uram,
314 3510 396 3578 nibil
419 3512 543 3579 edisset
576 3532 684 3600 neque
718 3513 879 3586 bibisset,
915 3531 953 3577 se
985 3532 1052 3578 uun
1076 3518 1179 3579 uana*
1290 3511 1498 3577 Damnuntur
1564 3525 1672 3579 tentes
1694 3515 1791 3600 signa
1813 3534 1876 3580 sua
1898 3514 2095 3600 cupiditate,
2118 3514 2183 3582 sibi

173 3594 292 3666 melius
315 3597 478 3666 valuisset
501 3599 578 3685 quia
599 3619 765 3686 nunquam
786 3594 906 3665 fuisset
928 3610 996 3664 tarn
1018 3533 1153 3664 solrius
1176 3566 1180 3655 l
1204 3612 1313 3687 grata,
1333 3610 1367 3663 et
1389 3620 1456 3663 uon
1475 3613 1629 3665 ruentes
1651 3601 1789 3685 credere
1820 3594 1894 3665 aliia
1927 3597 2110 3667 manifestis
2138 3601 2183 3668 si·

173 3682 288 3753 multis
310 3685 418 3752 annis.
463 3681 603 3751 Multum
626 3686 732 3751 estin
767 3682 853 3752 aulis
882 3685 1059 3764 vitiorum,
1092 3684 1152 3750 sed
1177 3707 1180 3758 ς
1205 3686 1293 3775 gnis,
1315 3683 1359 3749 ut'
1374 3684 1485 3750 ludaei
1508 3684 1845 3753 videbantcbristum
1864 3687 2184 3767 excitaremortuos,

174 3782 307 3856 oportet
339 3783 449 3838 manen
482 3767 612 3856 aliquos
646 3791 726 3837 esse
758 3767 910 3838 valentes
945 3767 1087 3836 consilio
1120 3783 1154 3835 et
1177 3762 1181 3836 i
1204 3768 1307 3837 multa
1329 3773 1427 3859 signa
1449 3768 1573 3853 iacere,
1595 3770 1677 3837 nihil
1700 3783 1811 3839 tamen
1833 3773 2076 3852 movebantur,
2104 3773 2184 3860 quia

172 3857 360 3945 prudentia,
382 3858 438 3944 qui
461 3867 539 3922 suut
570 3855 604 3922 in
625 3858 884 4008 ¹{gubernatione
929 3854 993 3923 Hic
1021 3854 1154 3923 habetis
1178 3844 1181 3855 ¹
1204 3858 1363 3924 sidebant
1385 3877 1459 3924 eum
1482 3878 1560 3923 esse
1587 3877 1788 3943 pauperem,
1822 3860 1884 3924 sed
1916 3854 2074 3925 volebant
2106 3878 2182 3924 eum

174 3939 360 4030 exemplum
384 3940 513 4022 Aulicir
536 3952 570 4009 et
591 3939 624 4008 al
691 3943 908 4022 centurionis,
931 3945 1008 4008 item
1030 3940 1154 4009 corna
1178 4012 1181 4021 ,
1204 3939 1375 4028 expellere
1399 3942 1579 4022 Romanos,
1602 3956 1637 4010 et
1658 3945 1738 4009 dore
1755 3945 1837 4031 ipsis
1857 3945 2061 4031 prouincias.
2106 3942 2182 4012 lloc

173 4022 230 4119 lii,
247 4030 342 4097 ducis
364 4027 516 4097 Romani.
559 4026 626 4095 lste
645 4027 802 4181 goesinda
830 4029 929 4094 etiam
956 4027 1094 4094 credidit
1120 4028 1154 4095 iu
1177 4028 1182 4099 l
1205 4030 1337 4115 signum
1360 4030 1543 4115 quaerebat
1565 4026 1622 4097 illa
1644 4049 1805 4115 perversa
1826 4031 1934 4110 natio,
1960 4026 2091 4096 scilicet
2118 4050 2183 4097 sna

176 4112 430 4189 Gbristunnfuit
452 4117 629 4183 adiunctus
678 4115 870 4201 erodi,quiu
887 4115 980 4180 scitis
997 4112 1153 4181 iudaeam
1178 4122 1182 4199 ᾗ
1205 4114 1395 4203 cupiditate.
1455 4114 1588 4182 iuterim
1622 4137 1689 4181 uon
1723 4114 1859 4181 volebat
1891 4117 2029 4183 credere
2062 4115 2183 4203 siguis,

174 4222 195 4267 a
223 4199 375 4268 Galilaea
408 4214 489 4268 tunc
521 4198 627 4268 fuisse
660 4201 863 4268 distinctam:
897 4197 1050 4266 Galilaea
1082 4210 1155 4265 erat
1178 4202 1181 4251 t
1205 4220 1292 4290 quae
1313 4196 1458 4288 alioquin
1481 4199 1636 4268 faciebat.
1679 4200 1755 4267 Non
1778 4202 1887 4268 omnia
1909 4203 2006 4289 sigua
2023 4215 2101 4268 suut
2122 4203 2183 4270 bo·

174 4285 280 4376 Regis
302 4286 455 4354 Herodis.
501 4285 643 4372 Reliqua
661 4286 784 4354 iudaea
813 4287 1106 4351 administrabatur
1132 4306 1154 4350 a
1178 4254 1181 4339 l
1204 4286 1347 4353 minibus
1370 4298 1484 4375 gratu
1504 4300 1540 4355 ut
1560 4285 1656 4354 Deus
1688 4284 1833 4354 faciebat
1863 4286 1964 4355 multa
1997 4301 2031 4355 et
2060 4309 2182 4377 magna

175 4371 297 4450 Pilut03
321 4387 392 4439 erat
414 4375 551 4443 redacta
577 4375 611 4438 in
640 4370 779 4441 formam
803 4373 1010 4458 provinciam
1032 4372 1066 4437 id
1087 4383 1152 4450 est,
1177 4347 1181 4463 l
1204 4373 1303 4461 signa
1324 4370 1503 4454 Pharaoni,
1525 4375 1586 4439 sed
1608 4373 1637 4439 ei
1660 4374 1802 4460 ingrata.
1845 4371 1905 4442 illu
1922 4376 2088 4442 debebant
2106 4395 2183 4442 euru

170 4456 1153 4633 naitiijir‘ssfillitins‘ilarif’linanll
1176 4475 1181 4561 ⁵
1203 4458 2089 4633 liitutit‘tltllitasimilini·
2133 4458 2183 4527 '⁸‘

172 4631 399 4711 inferioribus.
444 4628 598 4715 Galilaea
619 4642 691 4697 erat
711 4628 925 4710 Tetrarcbia,
947 4631 981 4697 id
1003 4642 1073 4710 eat,
1095 4631 1181 4719 ριίιι
1290 4627 1356 4698 dlii
1378 4634 1411 4697 in
1433 4631 1634 4712 infirmitate,
1644 4652 1712 4698 uon
1724 4632 1758 4698 iu
1780 4652 1841 4699 sua
1865 4656 1905 4699 cu
1931 4632 2044 4699 iditate
2109 4643 2184 4701 tunt

166 4706 414 4813 ‘matallascum
443 4718 504 4780 dns
525 4740 591 4781 war
612 4716 737 4785 Herodi
758 4717 864 4800 geben
907 4717 974 4778 Die
994 4715 1058 4782 leat
1078 4716 1154 4778 eisd
1177 4710 1181 4795 i
1204 4718 1313 4805 signa,
1336 4719 1398 4811 sed
1415 4719 1596 4785 subiiciunt
1617 4738 1656 4783 se
1678 4655 1930 4785 voluntatibel
1970 4718 2029 4785 ilis
2047 4718 2181 4793 dcitur:

172 4804 243 4871 aiat
258 4824 402 4888 passaran
429 4806 492 4869 sub
515 4802 667 4884 Herode,
694 4803 761 4867 aad
781 4823 872 4888 arpen
892 4802 975 4865 dean
1000 4803 1063 4869 sub
1085 4800 1153 4870 lio·
1177 4798 1181 4823 ¹
1205 4802 1334 4868 manta
1357 4809 1490 4886 proptor
1516 4822 1632 4887 opmo,
1654 4827 1735 4889 (moe
1748 4807 1849 4886 focio.
1892 4806 1966 4871 Nos
1988 4801 2078 4877 mille
2099 4794 2182 4871 libe·

173 4893 291 4959 manis.
335 4891 476 4966 Quidam
500 4891 755 4957 nominabantur
770 4888 965 4972 Herodiani‚
986 4890 1042 4977 qui
1064 4886 1153 4955 dice·
1177 4848 1181 4913 l
1203 4891 1386 4955 rationibus
1404 4909 1578 4956 servamur
1599 4888 1816 4973 mirabiliter,
1853 4892 1981 4958 etiamsi
2005 4910 2073 4958 uon
2095 4911 2181 4958 sem·

161 4970 264 5058 bum,
284 4977 450 5044 ileu-odem
473 4980 551 5067 essi
574 4974 754 5058 blaseium,
785 4985 820 5045 et
852 4997 927 5043 euru
952 4976 1153 5046 instauratu-
1203 4995 1276 5063 per,
1297 4987 1333 5040 nt
1355 4996 1418 5041 uos
1439 4974 1605 5043 volumus.
1650 4975 1747 5050 Quod
1772 4990 1807 5043 tu
1823 4977 1880 5043 hic
1902 4978 2183 5063 sedemquodeat

169 5086 245 5151 rum
268 5082 507 5151 essercgmm
528 5058 645 5151 lsrael,
667 5076 699 5129 et
721 5065 767 5149 ita
788 5058 1011 5153 adulabantur
1029 5060 1077 5142 ei,
1094 5050 1153 5141 eie
1203 5059 1324 5213 singna
1352 5062 1530 5129 mediocris
1556 5073 1665 5129 status
1688 5061 1921 5152 Reipublicae:
1950 5074 1985 5130 et
2004 5060 2182 5133 Ecclesiae

172 5146 225 5210 die
247 5149 413 5263 &anengava
436 5147 501 5210 ient
526 5172 561 5212 zu
582 5150 723 5214 Murato
755 5148 910 5215 dicebaut
922 5195 933 5230 ‚
965 5167 1025 5211 eon
1056 5144 1154 5209 ilem
1202 5144 1236 5212 in
1290 5149 1460 5228 'nnaniam
1493 5158 1545 5214 est
1578 5147 1698 5237 ingena
1721 5148 1929 5218 'beneficium
1955 5147 2032 5216 nat.
2086 5146 2181 5215 Deus
