4620 5588
153 212 224 287 ms
558 210 581 304 Ι·
794 209 906 278 rum
928 208 1037 278 sun
1064 207 1256 279 souma
1276 208 1546 279 eunomios
2039 214 2045 225 ·
2107 210 2180 281 ooo

158 407 285 485 dicunt,
307 404 398 556 ἣποᾶ
418 402 588 469 Adrianus
611 399 785 469 collocarit
806 421 901 466 suant
928 411 1072 466 statuam
1105 401 1140 466 in
1191 409 1255 478 est,
1278 400 1355 462 Man
1377 399 1442 463 soil
1460 400 1551 466 temo
1563 399 1643 464 Gott
1665 403 1775 482 bium,
1792 402 1870 464 dass
1886 421 1921 463 er
1936 421 2062 484 mosyen
2083 401 2178 466 molta

158 489 286 559 sacello
339 488 768 577 ierosolymac,sberdairt
781 487 843 550 aaa
859 485 1017 572 ternplum
1038 485 1141 568 tanqu
1192 489 1281 548 dm
1301 486 1500 569 pleckliclses
1518 495 1575 570 top
1596 488 1770 555 bucloeca.
1805 488 1948 551 'nata
1969 509 2004 550 er
2023 497 2177 572 pm:

157 586 311 642 meteret
328 597 487 660 penem
509 577 586 662 quia
601 575 714 642 ludaei
736 576 918 660 sperabant
939 593 981 639 se
1001 592 1140 659 mape-
1191 570 1723 662 eminentissimum
1745 595 1868 663 regens
1889 571 2057 642 fortunam
2082 586 2175 662 post·

158 677 294 732 raturos
322 661 572 750 Renpnblicam
614 663 681 725 rard
711 661 843 744 ineptes
875 659 945 725 sicit
975 681 1018 722 sa
1051 663 1141 722 eises
1191 659 1240 725 αἱ
1271 661 1348 726 diei.
1415 661 1612 728 Atbenm
1638 661 1753 730 laudat
1784 663 1859 728 eius
1952 662 2108 742 ientiam,
2139 672 2177 729 et

158 751 297 833 wicus,
309 752 369 813 des
390 757 527 813 παππῑιπ
547 747 757 828 castellam,
779 747 847 811 uad
863 755 985 830 rupim,
1006 766 1041 809 er
1061 766 1141 808 som
1192 758 1285 813 certe
1306 758 1359 812 est
1380 748 1546 833 sapientia
1568 751 1743 834 quaedam
1755 751 1906 836 cogitare
1930 758 2083 815 urtstuum
2104 769 2177 815 uon

159 840 214 905 die
235 836 346 916 stella,
369 838 412 903 de
456 837 643 902 aedictum
666 847 777 901 esset:
823 833 951 897 Orietm
978 832 1071 896 uelis
1099 851 1141 893 ex
1192 851 1271 898 esse
1293 832 1460 912 stabilem,
1481 845 1592 900 tamen
1615 855 1682 924 ego
1703 856 1772 902 non
1782 837 1892 901 debeo
1913 835 2089 902 instituere
2104 832 2176 902 cnl-

158 926 267 991 lucob.
312 924 379 989 Sed
404 859 573 989 Adrianus
604 920 763 1030 reliquias
786 919 933 1000 delevit,
967 940 1036 984 non
1068 920 1142 1026 sine
1192 930 1261 983 tam
1283 917 1395 986 aliam
1437 918 1508 985 Cor
1528 921 1630 986 debet
1650 923 1711 988 niti
1730 943 1814 1027 vero
1835 920 1923 988 Deo·
2083 1007 2092 1026 ο

159 1009 433 1181 nstitit?
468 1009 636 1162 fiilis
651 1005 1142 1162 ‘'ttfdst'sdttttit
1192 1101 1265 1157 nt
1278 1005 1478 1173 iiiiii
1497 1008 1906 1181 intuitis
1923 1005 2178 1181 immitit

115 1266 117 1271 Ι
159 1182 410 1271 lerosolymam,
434 1196 468 1248 et
500 1183 682 1249 nominavit
745 1180 836 1244 Hans:
869 1181 965 1246 cuius
996 1179 1142 1244 meminit
1192 1177 1286 1256 ltere,
1309 1180 1389 1265 quid
1411 1190 1465 1245 est
1485 1178 1585 1254 mali,
1621 1184 1713 1268 quod
1734 1180 1880 1247 honesta
1902 1193 2054 1247 matrona
2075 1184 2178 1248 anxia

158 1268 383 1336 Ptolemaeus.
427 1268 483 1330 Da
500 1269 573 1330 ltcss
594 1268 762 1334 Adrianus
784 1269 870 1332 seins
897 1277 1042 1331 statuam
1066 1265 1142 1345 ⁰⁸¹fl·
1193 1265 1236 1341 de
1255 1278 1363 1350 parta,
1385 1266 1490 1350 petit,
1522 1278 1559 1334 ut
1591 1288 1712 1334 aurien
1744 1266 1882 1355 aliquod
1914 1271 1945 1334 ei
1971 1264 2177 1352 opituleturl

156 1357 291 1438 stetten,
312 1377 412 1442 quam
435 1352 600 1421 colebant.
644 1353 717 1416 Das
733 1357 777 1417 ist
792 1372 931 1436 peronen
954 1363 1032 1438 post
1053 1349 1143 1416 dele·
1192 1346 1253 1416 llla
1274 1372 1342 1418 non
1364 1364 1506 1438 possunt
1527 1353 1663 1420 iudicari
1697 1356 1837 1421 ratione.
1880 1354 1960 1419 ltem
1972 1399 1984 1435 ,
2005 1352 2094 1428 Quid
2121 1363 2178 1419 est

159 1456 226 1509 tam
249 1439 508 1528 Rcmpublicam.
553 1441 621 1507 Sed
640 1438 794 1506 Christus
815 1437 962 1525 loquitur
983 1439 1143 1524 deprac·
1193 1435 1283 1517 malt
1300 1441 1389 1533 qaod
1412 1436 1621 1506 celebramus
1643 1439 1802 1522 Missam,
1825 1452 1857 1506 et
1877 1443 2020 1526 petimen
2041 1461 2063 1506 a
2084 1435 2176 1521 Deo,

159 1532 245 1595 senti
269 1527 361 1595 culto
377 1529 489 1615 impio.
533 1527 606 1589 Das
627 1528 702 1589 sind
723 1526 896 1604 historica,
912 1538 945 1591 et
967 1535 1047 1592 sunt
1068 1525 1142 1589 hor·
1194 1534 1230 1589 nt
1251 1524 1308 1589 det
1330 1527 1559 1591 remissionem
1604 1540 1819 1605 occatorem,
1850 1528 1917 1590 istd
1945 1531 2005 1592 cie
2036 1546 2108 1588 παπ
2140 1546 2178 1589 as

159 1615 269 1683 ribilia
290 1613 457 1701 exempla:
485 1611 580 1680 Deus
609 1615 805 1679 miserentur
826 1606 1016 1690 Ecclesiae,
1044 1623 1076 1675 et
1105 1607 1143 1674 li·
1193 1609 1304 1675 mritis
1323 1613 1432 1678 modis
1453 1613 1529 1677 sclm
1633 1616 1650 1676 t
1692 1614 1781 1688 Quid
1808 1615 1842 1678 in
1870 1615 1923 1680 bis
1945 1615 2099 1695 omnibus
2121 1622 2179 1679 est

160 1691 255 1768 ber'ct
275 1723 352 1767 nos.
396 1700 443 1762 Es
464 1704 507 1763 ist
528 1721 564 1762 so
594 1699 788 1782 aeleaticis,
822 1699 899 1760 dau
932 1699 1017 1759 einer
1049 1696 1144 1758 lictor
1192 1693 1298 1762 mulii
1347 1697 1427 1766 Duo
1459 1696 1517 1765 vel
1550 1699 1612 1764 tria
1643 1712 1723 1766 sunt
1754 1702 1828 1787 prin
2016 1700 2176 1780 Primum,

159 1789 263 1852 morit
284 1792 317 1849 tn
340 1790 428 1849 einen
449 1788 565 1850 wilden
582 1787 657 1850 walt
679 1785 800 1867 lonffen.
1192 1781 1293 1848 bomo
1314 1803 1383 1848 non
1400 1785 1502 1852 debet
1522 1787 1682 1854 invocare
1702 1786 1812 1853 Deam
1832 1789 1942 1868 aiter,
1964 1807 2064 1872 quam
2085 1788 2175 1853 simu

245 1875 319 1938 Nice
341 1874 403 1938 tat
423 1875 475 1936 ici
496 1881 631 1957 paupe,
665 1892 698 1934 cs
725 1892 781 1955 ray
814 1871 998 1958 praedictio
1020 1870 1063 1936 dc
1086 1889 1143 1935 ex·
1193 1886 1232 1935 se
1252 1869 1430 1953 patefecitt
1452 1885 1486 1938 et
1506 1869 1599 1940 illum
1622 1872 1730 1940 Deum
1752 1875 1853 1940 debet
1873 1871 1942 1940 allo
2006 1919 2018 1953 ,
2047 1874 2104 1959 qni
2133 1891 2176 1940 ss

75 1960 80 1965 '
158 1962 256 2026 tremi
276 1974 344 2027 tem
421 1955 661 2026 strictissimis
684 1957 795 2038 idolis,
816 1957 1088 2038 confusionibus,
1108 1966 1144 2021 et
1192 1955 1360 2040 patefecit,
1382 1969 1417 2024 et
1438 1960 1526 2026 sicut
1548 1979 1587 2025 se
1608 1957 1778 2045 patefecit
1823 1960 1916 2029 Simo
1940 1963 1948 1982 '
1973 1980 2012 2026 es
2039 1960 2091 2025 rb
2118 1978 2176 2026 sa·

159 2048 289 2133 poenis.
333 2045 428 2153 lnola
449 2045 626 2152 manifesta
648 2057 728 2152 sant
746 2046 783 2110 is
804 2043 1064 2196 Ecclesisuimwie
1093 2041 1144 2104 ih
1193 2044 1300 2193 fiens,
1322 2041 1488 2197 wilram
1509 2045 1606 2152 fingit
1627 2045 1892 2199 siin-⁰⁰⁸¹&
1912 2068 1982 2114 nou
1999 2044 2176 2199 eetlleffl

159 2129 807 2301 ssttfittnii¹¹¹iiittl⁰bz
825 2131 993 2284 irim
1013 2149 1142 2303 ἕξεθ’
1174 2242 1178 2249 ·
1208 2139 1361 2282 itt?
1374 2144 1638 2284 ,duffii
1669 2135 2173 2306 ,tttin‘fflttsim

159 2324 233 2372 nes.
276 2307 374 2374 Nunc
394 2309 430 2372 in
451 2304 604 2372 Ecclesia
631 2304 863 2384 dominantur,
893 2301 952 2371 rel
978 2323 1064 2370 cons
1089 2304 1144 2370 ici·
1255 2305 1531 2371 eexcusationes
1552 2305 1775 2392 sophisticae,
1796 2318 1875 2373 sunt
1898 2308 2072 2374 mendacia
2092 2304 2175 2372 Dia·

49 2398 54 2408 '
158 2403 260 2460 amru
280 2391 458 2460 manifesta
479 2389 582 2473 idola,
603 2391 808 2455 sclnmlicle
830 2388 1014 2474 sffentiicbe
1038 2392 1051 2455 i
1075 2387 1142 2455 ola.
1193 2389 1305 2455 bolica
1315 2390 1498 2472 horribilia,
1509 2393 1630 2479 quibus
1642 2390 1873 2483 illuditgeneri
1885 2394 2042 2471 humano.
2072 2392 2174 2458 lilens

1192 2476 1373 2551 Simonidis
1394 2479 1539 2545 debebat
1560 2498 1639 2545 esse
1659 2481 1787 2548 directa
1808 2481 1852 2546 ad
1873 2478 2093 2562 illumDeum,
2114 2479 2174 2632 31ιί

519 2588 635 2692 Quae
667 2587 788 2673 sunt?
826 2638 829 2643 ’
1192 2650 1254 2715 bes
1274 2649 1480 2736 compellare
1500 2663 1534 2717 et
1554 2649 1680 2740 alloqui
1703 2675 1818 2720 verum
1831 2652 1952 2734 Deum,
1974 2654 2032 2741 qui
2051 2672 2092 2720 se
2112 2673 2174 2740 pe·

245 2735 426 2804 llanifesta
447 2736 537 2804 idola
559 2737 633 2799 dod
649 2736 704 2799 die
715 2735 843 2815 Gutus,
853 2735 981 2798 demea
998 2734 1141 2820 mbufft.
1191 2735 1304 2802 refecit
1324 2739 1429 2803 misso
1453 2736 1557 2819 Filio,
1589 2750 1623 2805 et
1643 2742 1698 2827 qni
1720 2753 1771 2806 est
1789 2753 1886 2826 pater
1906 2739 2041 2807 Domini
2061 2740 2175 2808 nostri

158 2824 311 2886 omncs
331 2821 511 2890 manifeste
532 2820 633 2903 idola,
644 2821 845 2890 suntcaltus
867 2819 1034 2888 bominum
1056 2842 1141 2888 mon
1189 2828 1265 2890 less
1288 2821 1423 2904 Christi,
1445 2836 1479 2891 et
1501 2826 1656 2893 conditor
1676 2828 1821 2893 omnium
1841 2848 1975 2912 reram,
2003 2847 2072 2894 una
2094 2847 2174 2895 cust

158 2920 301 2977 tuorum.
345 2910 443 2990 item,
460 2911 521 2972 das
547 2910 644 2992 prode
670 2907 817 2989 idolum,
849 2909 999 2975 adoratio
1031 2909 1141 2996 panis,
1190 2907 1286 2990 lilio,
1307 2921 1342 2976 et
1364 2911 1489 2997 Spiritu
1509 2924 1640 2979 sancto
1692 2913 1781 2980 intra
1810 2913 1874 2980 bas
1899 2926 2007 2981 metas
2035 2933 2173 2982 manere

159 2997 216 3082 qui
239 2999 536 3083 circumgestatur3
559 3017 633 3063 cum
651 2994 872 3064 Sacrsmenta
893 2993 948 3060 vel
969 2997 1052 3060 ritus
1073 2997 1141 3061 siat
1191 2997 1362 3063 debemus.

158 3093 371 3148 saommenta
393 3084 426 3147 in
456 3103 519 3148 suo
554 3102 638 3158 usu,
671 3102 740 3148 non
772 3092 868 3146 extra
887 3102 996 3149 usum
1040 3081 1140 3148 Prae
1276 3081 1447 3167 Secundo,
1469 3086 1573 3152 debes
1599 3085 1692 3153 illam
1719 3087 1877 3153 invocare
1904 3086 2027 3154 fidncia
2046 3087 2172 3154 Media·

43 3236 47 3245 ,
158 3179 251 3234 terea
272 3168 403 3234 bebetis
423 3167 671 3235 mosteclratmn.
714 3167 937 3234 Monacbatus
966 3180 1020 3234 est
1040 3167 1141 3255 plane
1190 3170 1286 3248 toris,
1301 3182 1337 3235 et
1359 3186 1473 3257 petere
1494 3169 1553 3238 illo
1573 3174 1707 3254 ordine,
1728 3195 1796 3260 qao
1825 3175 2001 3260 praoeipitt
2027 3175 2171 3260 primam

157 3253 294 3333 idolum,
316 3265 370 3320 est
391 3256 525 3340 qnidam
545 3252 654 3321 cultus
676 3256 853 3321 incurrens
873 3255 907 3319 iu
929 3251 1060 3335 omlos,
1073 3274 1140 3341 quo
1191 3258 1421 3325 remissionem
1443 3272 1674 3346 peccatorum
1695 3271 1815 3348 postca
1835 3273 1870 3326 et
1892 3258 1959 3326 elie
1980 3262 2079 3327 bona
2118 3257 2171 3327 illi

158 3339 250 3409 cultu
265 3340 383 3407 dieunt
403 3359 444 3408 se
460 3339 596 3427 placere
617 3340 711 3414 Deo,
739 3353 774 3407 et
799 3340 914 3408 facere
936 3352 1033 3428 grata
1054 3340 1138 3409 Deo.
1191 3356 1269 3410 sant
1286 3347 1359 3412 veri
1379 3344 1501 3414 onltns.
1545 3346 1671 3413 Contra
1702 3349 1802 3414 istum
1835 3348 1984 3413 mdbrsn
2011 3348 2172 3414 invocent

158 3426 196 3492 ln
217 3446 359 3508 mnne,
380 3439 434 3492 est
455 3427 585 3507 cultus,
614 3431 656 3494 de
683 3448 751 3514 qno
773 3428 898 3494 dictum
920 3439 989 3494 est:
1008 3428 1141 3492 flastra
1192 3452 1321 3511 onmes,
1343 3434 1399 3539 qui
1421 3454 1489 3499 non
1512 3437 1662 3524 cogitant
1684 3434 1726 3500 de
1743 3431 1968 3521 pardemme
1989 3444 2023 3500 et
2043 3433 2171 3502 revela·

157 3533 204 3576 me
226 3509 332 3576 colent
352 3515 512 3578 nodatis
532 3514 696 3580 donamus.
741 3513 813 3576 Das
844 3515 918 3576 sind
948 3515 1046 3598 probe
1073 3537 1141 3582 ma·
1191 3520 1281 3585 tione
1303 3517 1378 3585 Der.
1423 3517 1613 3608 intelligunt
1645 3540 1724 3588 esse
1757 3519 1893 3608 aliquod
1925 3540 2065 3599 numen3
2090 3541 2171 3589 nara

157 3597 281 3666 nifasta
300 3599 404 3666 idola.
448 3600 514 3662 Die
546 3604 707 3668 interiora
738 3602 812 3662 sind
843 3601 938 3667 multi
960 3599 1047 3668 licia.
1091 3603 1141 3669 ln·
1191 3605 1257 3674 boo
1279 3619 1399 3672 natura
1417 3609 1533 3687 docet,
1555 3619 1666 3674 tamen
1698 3629 1767 3674 non
1798 3612 1978 3688 invocant,
2012 3609 2099 3674 dont
2130 3625 2172 3674 se

157 3688 284 3752 teriora
306 3698 473 3774 vagantur
482 3709 555 3839 ἔτι
576 3688 688 3754 omnia
709 3699 884 3775 tempora,
918 3624 1006 3755 sicat
1033 3689 1143 3757 omnia
1195 3693 1288 3761 Deus
1311 3692 1487 3778 patefecit:
1515 3691 1584 3757 Wie
1606 3696 1660 3758 dic
1681 3695 1818 3762 Hecube
1846 3697 1878 3759 in
1900 3691 2058 3792 Euripide
2078 3701 2171 3777 supi:

157 3782 310 3858 tempora
330 3771 455 3839 babent
515 3776 595 3861 iqun
623 3785 762 3841 externa
794 3771 908 3855 idola,
937 3788 970 3841 et
1004 3789 1143 3843 externa
1194 3779 1485 3865 Qrsicquidcs,sioe
1506 3781 1566 3844 boc
1587 3781 1704 3845 εοιὶωπ
1721 3786 1785 3845 sice
1806 3802 1888 3844 mors
1909 3783 1943 3844 in
1965 3781 2063 3846 coeio.
2106 3779 2171 3846 Est

158 3860 310 3926 oriuntur
331 3861 375 3924 ab
396 3861 546 3927 internis.
592 3860 754 3928 interiora
786 3856 877 3928 idola
910 3873 988 3928 sunt
1008 3865 1144 3949 ignora·
1190 3867 1362 3936 invocatio
1384 3867 1608 3950 idololatr-lca,
1629 3890 1698 3936 non
1719 3866 1899 3957 alloquitur
1908 3866 2020 3939 Deum
2042 3887 2168 3936 verum.

156 3945 203 4011 tio
232 3965 334 4013 verae
354 3946 595 4026 invocationis,
618 3959 651 4014 et
682 3949 814 4014 inscitia
847 3949 1023 4015 doctrinae
1053 3949 1143 4032 fidei,
1191 3952 1285 4020 'felis
1303 3966 1356 4021 est
1377 3956 1545 4024 invocatio
1568 3955 1812 4029 mahometica,
1846 3955 1940 4044 fingit
1972 3976 2012 4022 se
2044 3951 2172 4041 alloqui

155 4043 189 4099 et
210 4030 332 4098 fiducia
376 4033 508 4118 ropriee
529 4033 733 4116 institiac,et
754 4036 966 4120 propriorum
984 4033 1141 4104 cultuum.
1190 4039 1324 4123 Deum,
1358 4045 1414 4130 qui
1447 4063 1515 4111 non
1549 4054 1603 4109 est
1622 4041 1728 4112 Dens.
1772 4043 1904 4110 Deinde
1935 4039 2039 4109 mnito
2060 4042 2170 4130 magis

247 4116 316 4182 Von
415 4121 631 4199 interioribus
652 4121 774 4184 Ιιοπποη
796 4123 851 4185 dic
873 4121 1143 4187 tormentata
1190 4141 1355 4214 peccam,
1390 4132 1446 4217 qni
1478 4150 1544 4197 non
1578 4131 1736 4205 invocant
1768 4130 1889 4197 fiducie
1910 4128 1984 4195 Filii
2003 4128 2085 4209 Del,
2107 4126 2172 4196 sed

153 4205 289 4287 stetten,
310 4209 369 4271 wie
391 4206 441 4269 tir
463 4208 571 4288 senet,
602 4210 662 4269 cta
694 4208 749 4274 dic
781 4208 846 4271 least
877 4217 1011 4291 penset
1031 4211 1141 4286 badea,
1191 4233 1255 4282 suc
1277 4235 1391 4300 opera,
1415 4218 1647 4299 ceremonias,
1679 4232 1713 4286 et
1740 4220 1825 4287 ritus
1858 4214 2107 4306 magnifaciunt,
2136 4224 2173 4282 et

154 4293 232 4354 dass
249 4295 300 4354 eis
321 4293 410 4356 tedet·
427 4297 518 4358 cisen
539 4294 676 4378 letlipeu
692 4294 750 4360 tat
767 4295 1001 4379 ouffpericltet,
1022 4297 1084 4360 den
1107 4319 1141 4364 cr
1191 4301 1341 4391 cogitant
1374 4324 1495 4390 seper
1527 4302 1604 4370 illas
1632 4324 1689 4371 res
1709 4307 1946 4392 impetraturos
1967 4324 2047 4372 esse
2068 4305 2169 4373 bona.
2203 4364 2212 4388 ,

153 4376 211 4440 isat
233 4398 352 4461 aspere
379 4401 436 4451 eut
456 4393 508 4463 ut,
529 4380 650 4470 aliquis
668 4401 710 4448 ex
731 4381 884 4449 Etbnlcis
905 4380 1074 4451 sollicitus
1097 4387 1141 4451 de
1189 4389 1246 4451 Da
1267 4390 1341 4452 eisd
1362 4391 1417 4453 dia
1439 4411 1520 4476 zoes
1540 4394 1721 4479 praecipua
1741 4406 1863 4460 errata.
1914 4393 2079 4473 Primum,
2111 4409 2172 4460 ue·

152 4463 553 4546 memoratissimi
576 4465 700 4536 cultum
710 4467 842 4549 Martis,
864 4488 932 4556 quo
949 4467 1053 4538 voluit
1075 4492 1140 4539 me·
1189 4476 1311 4558 sciunt,
1333 4477 1413 4564 qaid
1433 4479 1607 4556 invocent3
1628 4480 1808 4562 Secundo,
1841 4498 1909 4547 non
1930 4479 2097 4547 aooadunt
2124 4477 2171 4547 ad

152 4553 221 4621 reri
242 4571 441 4619 successum
473 4554 508 4619 in
543 4553 646 4622 bello.
701 4556 749 4622 lbi
769 4557 920 4644 unnnor
950 4555 1141 4626 idololatria
1189 4559 1300 4630 Deum
1322 4564 1445 4633 fiducia
1466 4563 1558 4644 Filii3
1578 4576 1754 4652 praeterea
1785 4567 1933 4634 nituntur
1963 4567 2100 4656 propris
2120 4567 2170 4633 ia·

152 4633 404 4728 fnit-ignoratio
426 4658 530 4707 verae
550 4641 792 4730 invocationis,
820 4653 953 4712 etcum
982 4657 1075 4712 esset
1096 4648 1140 4714 de
1189 4650 1290 4730 stitia,
1313 4652 1375 4713 das
1396 4653 1472 4715 und
1487 4653 1679 4718 catarecte
1701 4657 1879 4731 tenebrac3
1899 4663 1934 4718 ct
1950 4672 2028 4719 cnm
2047 4664 2170 4720 natura

151 4743 192 4792 re
211 4724 271 4791 illa
292 4723 471 4806 sollicitus,
493 4729 653 4808 instituit,
727 4729 772 4796 od
792 4749 862 4796 non
883 4731 1029 4799 debebat
1045 4733 1139 4799 insti·
1188 4755 1257 4802 non
1278 4751 1444 4825 agnoscet
1464 4742 1634 4822 tenebras,
1655 4741 1888 4828 ergodtscstts
1933 4739 1966 4760 ⁸'
2035 4751 2089 4807 ter
2107 4740 2169 4806 do·

151 4821 258 4877 tuere.
302 4810 428 4900 Aliqua
449 4811 570 4913 mulier
589 4813 667 4881 solli
700 4828 735 4882 ta
769 4817 812 4882 de
843 4827 965 4901 partu,
997 4821 1140 4889 institnit
1188 4823 1328 4890 etrinam
1350 4825 1393 4890 de
1412 4845 1496 4894 vera
1515 4828 1735 4894 invocatione.
1780 4826 1963 4894 Disontis‘
2057 4824 2168 4894 nom

152 4894 278 4964 cultum
299 4897 461 4979 Lucinae,
477 4920 547 4988 quo
568 4898 676 4969 voluit
697 4904 818 4969 mereri
839 4899 973 4970 felicem
995 4917 1136 4991 partum.
1187 4909 1412 4978 invocandum
1434 4933 1526 4994 esse,
1559 4915 1616 5000 qui
1649 4924 1702 4981 est
1734 4934 1835 4980 verus
1856 4910 1976 4994 neus,
2006 4915 2065 4978 sote
2088 4911 2169 4976 Gsti

150 4983 353 5068 Simonides,
374 4985 478 5053 bomo
499 4987 657 5075 sapione,
690 5000 844 5056 metuens
876 4986 1043 5058 fortunam
1072 4992 1138 5061 dict
1187 4996 1288 5059 selim
1308 5006 1400 5081 sapt.-
1421 4997 1577 5084 Equites
1598 5000 1762 5075 Donum
1783 5005 1839 5084 prs·
1854 5008 1887 5063 te
1908 5000 2060 5066 mdc
2080 5007 2169 5062 tusa

148 5071 291 5156 posteri,
312 5071 453 5139 instituit
471 5071 596 5142 cultum
616 5075 681 5142 diei
702 5077 842 5161 posteri,
862 5078 915 5158 τῆς
934 5075 1083 5166 iniquae
1102 5081 1138 5148 id
1187 5084 1344 5170 Aepppti,
1375 5083 1449 5149 Nos
1463 5086 1596 5165 diabolis
1615 5086 1704 5150 mer
1724 5087 1856 5154 adnot.
1899 5086 2000 5155 lteutt
2031 5086 2169 5151 Μ

1192 2582 1232 2628 se
1252 2562 1410 2648 patefecit
1432 2565 1510 2630 dato
1533 2567 1639 2632 verbo
1660 2577 1695 2633 ct
1715 2569 2009 2652 promissionibusr
2043 2564 2094 2633 Tu
2139 2585 2175 2632 e-
2289 2620 2292 2624 .
