4620 5588
783 207 893 272 PlllL.
916 207 1021 274 ollii„
1045 207 1233 274 SCRIPTA
1256 206 1520 276 exsuffles.

88 192 192 288 ³35
2114 211 2158 276 36

147 397 369 482 opinionibus
393 394 448 460 vel
471 397 504 459 in
527 392 759 481 applaudendo
782 394 879 460 salsis
900 397 1125 483 opinionibus:
1179 397 1295 464 hahuit
1321 401 1522 486 agnitionem
1544 397 1620 464 Filii
1640 397 1715 464 Dei.
1769 399 1813 464 Et
1839 400 1932 465 sicat¹
1947 401 1981 464 in
2003 399 2067 466 hac
2089 402 2157 465 vita

146 483 265 547 deinde
287 482 320 546 in
344 478 529 561 calumniis,
551 484 673 569 quibus
697 495 789 548 recte
811 485 844 547 in
866 485 988 549 tradita
1010 486 1128 571 depra·
1180 484 1351 572 colligitur
1371 483 1528 552 Ecclesia
1557 506 1617 571 per
1637 487 1893 569 promissionem
1916 487 2025 563 datam
2048 487 2157 552 Abra·

46 569 51 579 “
145 580 267 635 vantur
288 580 322 634 et
342 580 588 653 pervertuntur.
638 567 700 633 Est
727 567 783 633 hic
804 569 1014 649 manifestum
1036 572 1126 636 testi·
1178 571 1257 638 hae:
1288 573 1334 637 ita
1360 569 1407 636 illi
1435 573 1568 637 tandem
1591 571 1673 636 fiunt
1694 572 1859 637 haeredes
1880 572 1968 637 vitae
1989 582 2157 651 aeternae,

145 655 307 734 monium,
343 656 432 741 quod
454 650 725 721 animae'vivant
751 667 829 739 post
857 668 1016 733 mortem3
1048 659 1126 742 quia
1178 660 1234 744 qui
1257 658 1432 724 discedunt
1453 659 1486 721 in
1509 656 1575 722 fide
1596 660 1827 742 promissionis
1855 656 1967 723 factae
1987 657 2158 736 Abrahae,

146 741 264 805 dicitur
293 742 386 806 dives
417 740 474 806 ille
502 740 618 803 levasse
647 741 755 803 cador
782 763 855 803 utos
876 745 909 803 ia
931 744 1073 820 inferno,
1096 751 1127 805 et
1149 707 1157 817 l
1177 743 1245 811 hoc
1267 756 1337 821 est,
1369 747 1425 829 qui
1448 742 1570 808 habent
1593 745 1689 809 tidem
1717 747 1750 808 in
1778 742 2012 823 mediatorem,
2048 739 2158 830 qualis

144 827 263 888 sitiisse
284 827 441 888 Abrabam
465 850 483 888 o
507 827 607 909 lotape.
663 826 705 892 Et
734 829 883 909 additur,
911 830 997 912 quod
1018 851 1126 891 wetu-
1177 829 1239 896 fuit
1255 833 1289 895 in
1311 828 1493 895 Abraham.

145 917 323 976 statuerit.
357 914 424 979 Per
446 912 610 980 internum
621 911 848 1000 intelligamus
869 911 980 980 locum
993 916 1126 981 damna·
1262 915 1507 982 Describuntur
1529 926 1638 981 autern
1660 913 1716 981 hic
1736 912 1813 984 loca
1836 916 1992 982 distincta
2022 917 2158 991 damna·
2222 949 2230 956 ·

140 1010 262 1066 torum.
1177 1015 1285 1068 torum
1308 1015 1341 1068 et
1363 1005 1555 1078 beatoruur;
1577 1002 1654 1088 quia
1677 1003 1810 1076 dicitur:
1833 1002 1980 1084 Mapnum
1998 1002 2093 1063 chaos
2111 1010 2159 1063 est

233 1085 331 1158 Quod
359 1098 469 1151 autem
499 1088 667 1151 cruciatus
698 1086 930 1151 describuntur
958 1089 1126 1154 mentione
1177 1093 1259 1151 tuter
1280 1111 1338 1150 nos
1359 1097 1391 1151 et
1410 1109 1474 1149 cos.
1531 1084 1608 1153 ideo
1637 1088 1807 1174 disputant
1835 1090 1953 1175 aliqui,
1988 1089 2156 1174 quomodo

144 1172 230 1250 sitis,
252 1171 475 1249 flammarum
497 1183 541 1251 et,
562 1175 653 1258 quod
676 1170 764 1236 oculi
787 1184 821 1237 et
842 1170 956 1260 lingua
977 1175 1126 1239 tribuun·
1177 1172 1324 1261 colloqui
1345 1177 1477 1261 possint
1499 1175 1584 1239 inter
1613 1193 1651 1239 se
1680 1176 1768 1239 beati
1797 1186 1830 1240 et
1858 1177 2012 1239 demarati.
2067 1170 2158 1238 Nihil

143 1269 199 1323 tur
231 1261 374 1325 animae:
408 1259 464 1325 isti
497 1269 576 1323 sunt
607 1259 742 1345 figurati
775 1279 969 1339 sermones,
1003 1260 1125 1346 quibus
1176 1273 1312 1329 movent
1342 1281 1394 1331 me
1423 1263 1508 1326 istae
1538 1261 1691 1327 curiosae
1719 1262 1971 1347 disputationes.
2026 1259 2158 1325 Recitat

143 1355 346 1429 usurpantur
384 1342 554 1411 vocabula
588 1346 819 1410 convenientia
851 1347 1048 1432 corporibus
1081 1346 1126 1412 ad
1177 1347 1333 1414 Christus
1367 1367 1541 1413 sermones
1574 1349 1675 1427 istos,
1708 1359 1744 1413 ut
1777 1349 1939 1434 exprimat
1973 1360 2006 1411 et
2034 1344 2158 1411 refutet

143 1426 384 1518 significandas
406 1432 559 1497 actiones
580 1433 719 1498 animae.
1177 1436 1414 1521 cogitationes,
1437 1447 1469 1497 et
1491 1434 1654 1498 desideria
1676 1433 1914 1498 damnatorum.
1958 1430 1999 1497 Hi
2023 1447 2101 1496 sunt
2122 1433 2157 1496 in

103 1594 106 1603 Ι
192 1556 195 1561 ·
229 1516 329 1582 Haud
346 1518 446 1582 dubie
462 1519 683 1603 gravissimae
697 1538 827 1603 poenam
842 1515 1023 1584 inferorum
1035 1530 1125 1597 sunt,
1177 1522 1308 1607 magnis
1349 1518 1540 1599 doloribus,
1581 1531 1614 1584 et
1644 1521 1794 1607 cogitant
1825 1517 1901 1584 aliis
1939 1519 2025 1585 bene
2065 1536 2157 1599 esse,

142 1599 323 1668 horribiles
358 1605 527 1668 cruciatus
561 1605 595 1668 iu
624 1606 847 1681 conscientia,
877 1617 910 1670 et
932 1624 1056 1670 sensus
1077 1607 1126 1670 iu·
1177 1620 1210 1672 et
1234 1606 1361 1673 vellent
1383 1607 1445 1692 ipsi
1468 1607 1533 1671 sibi
1560 1626 1694 1694 quoque
1722 1609 1808 1671 bene
1835 1625 1929 1684 essm
1962 1607 2058 1691 quia,
2091 1605 2157 1669 etsi

144 1690 240 1766 dicii,
270 1702 305 1753 et
320 1689 408 1755 ‘irae
443 1691 575 1755 divinae
607 1690 773 1769 infinitae,
807 1693 898 1756 sieut
930 1691 1051 1756 dieitur
1083 1693 1126 1755 de
1176 1695 1295 1759 ardent
1317 1690 1469 1759 horribili
1492 1691 1568 1757 odio
1591 1689 1673 1771 Dei,
1695 1703 1806 1757 tamen
1829 1705 1944 1777 optant
1966 1690 2030 1755 sibi
2051 1710 2158 1775 posse

143 1777 266 1861 impiis:
291 1775 355 1845 Qui
375 1797 437 1838 non
459 1777 561 1839 credit
581 1779 615 1837 in
638 1778 761 1850 hiltun,
784 1780 834 1837 irc
852 1777 917 1838 Da·
937 1798 1030 1858 mper
1048 1798 1123 1839 error.
1176 1779 1281 1845 levari
1303 1780 1493 1845 tristissima
1514 1799 1576 1844 sua
1597 1776 1695 1843 mala.
1734 1776 1832 1844 Hunc
1853 1776 2007 1863 affectum
2030 1777 2157 1842 descri-

143 1858 224 1927 lllos
248 1862 512 1948 cruciatum-,qui
540 1884 607 1928 non
634 1859 777 1950 possunt
804 1864 1041 1948 comprehendi
1070 1885 1125 1928 co·
1176 1866 1225 1932 bit
1247 1863 1402 1931 Christus
1424 1867 1488 1930 isto
1511 1885 1684 1944 sermone,
1714 1885 1780 1929 non
1809 1866 1899 1950 quod
1927 1860 1976 1929 illi
1999 1864 2048 1929 sie
2070 1865 2157 1928 inter

143 1949 324 2034 gitatione,
353 1950 544 2014 describunt
572 1949 697 2016 Sacrae
719 1947 836 2014 literae
857 1951 1009 2036 figuratis
1031 1948 1125 2016 loeu-
1175 1972 1215 2018 se
1233 1949 1474 2038 colloquantur.

143 2035 307 2112 tionibus,
340 2055 426 2122 quae
454 2046 533 2100 sunt
560 2034 779 2122 Metaphorae
800 2047 954 2120 sumptae
974 2058 995 2101 a
1017 2037 1125 2121 signis
1263 2039 1373 2123 Saepe
1394 2038 1546 2102 homines
1570 2039 1666 2101 etiam
1688 2038 1721 2100 in
1744 2034 1808 2099 hac
1830 2038 1912 2123 vita,
1929 2036 1962 2099 in
1983 2037 2071 2101 veris
2097 2036 2157 2098 do-

143 2120 370 2203 seusibilibus,
391 2133 424 2186 et
446 2124 548 2186 rebus
571 2119 817 2207 corporalibust
839 2134 891 2201 ut,
913 2144 989 2187 cum
1013 2123 1126 2187 Domi·
1177 2122 1323 2205 loribus,
1356 2125 1504 2190 sentiunt
1531 2134 1664 2209 gustum
1691 2119 1822 2187 illorum
1850 2122 2035 2187 affectuum.
2072 2122 2157 2186 'Sed

142 2227 208 2273 uus
228 2207 348 2291 inquit:
381 2208 431 2270 Ite
456 2211 491 2269 tn
511 2212 612 2289 ipuam
634 2217 808 2271 ceterum:
840 2208 936 2275 ltem:
967 2208 1126 2271 Proitce'te
1177 2223 1286 2277 tamen
1317 2212 1374 2276 vix
1407 2230 1512 2293 parva
1545 2207 1674 2294 guttula
1708 2222 1784 2272 sunt
1814 2206 1949 2274 dolores
1972 2205 2019 2271 illi
2042 2204 2158 2272 collati

143 2315 209 2354 eum
230 2296 263 2353 in
287 2294 430 2355 tenebras
453 2299 643 2374 edaciores,
669 2295 723 2356 nbi
749 2295 862 2357 horror
885 2302 931 2356 est
952 2303 983 2357 at
1004 2295 1126 2357 stridor
1176 2299 1219 2362 ad
1243 2295 1326 2361 illud
1347 2316 1439 2361 mare
1460 2298 1654 2361 immensum
1676 2316 1837 2378 pavorum
1859 2306 1893 2359 et
1911 2294 2156 2358 consternatio·
2239 2347 2242 2351 .

143 2379 291 2445 dotatione
336 2377 527 2466 Prophetae
548 2383 720 2448 nominant
741 2402 866 2442 oenncm
888 2382 1093 2445 moderatam.
1177 2405 1254 2448 num
1277 2385 1311 2447 in
1332 2393 1495 2468 perpetua
1517 2381 1737 2447 damnatione.
1774 2378 1896 2466 Cogita
1918 2381 2015 2458 enim,
2032 2392 2157 2464 quanta

1176 2468 1263 2536 haee
1284 2490 1340 2534 res
1363 2471 1425 2548 sit,
1473 2470 1539 2533 uod
1562 2478 1714 2533 creatura
1735 2487 1777 2551 pe
1819 2479 1895 2531 etuo
1917 2469 1961 2532 sit
1983 2466 2157 2531 abiectae

1106 2608 1111 2619 .
1175 2555 1268 2635 Deo,
1291 2567 1323 2620 et
1344 2556 1435 2640 quod
1449 2491 1559 2620 ‘homo
1581 2555 1624 2618 sit
1650 2552 1759 2619 hostis
1821 2554 1850 2616 ei
1879 2554 1912 2616 in
1940 2553 2028 2619 omni
2049 2563 2155 2616 aeter-

1175 2643 1295 2720 nitate,
1317 2653 1351 2706 et
1372 2641 1461 2726 quod
1482 2638 1579 2706 Deus
1602 2641 1664 2725 ipsi
1685 2640 1835 2705 vicissim
1853 2640 1896 2704 sit
1911 2639 2031 2703 hostis.
2063 2634 2157 2702 Nihil

341 2744 451 2847 Quid
483 2759 546 2828 est
576 2747 684 2827 sinus
716 2745 938 2827 Abrahae?
1176 2728 1318 2812 cogitari
1346 2737 1402 2792 aut
1428 2727 1493 2791 dici
1520 2727 1647 2790 tristius
1675 2723 1801 2810 potest:
1834 2723 1968 2789 Diaboli
1991 2724 2100 2789 sciunt
2124 2735 2158 2788 et

898 2829 905 2838 “
1175 2810 1365 2900 intelligunt
1387 2832 1476 2877 nunc
1496 2808 1607 2897 aliquo
1630 2812 1748 2888 mod03
1771 2808 1920 2877 similiter
1939 2806 2156 2875 damnaticii-

230 2927 443 3012 Respondeg
487 2925 552 2991 Est
571 2923 629 2990 ipe
651 2937 775 3005 smus,
803 2928 838 2992 pn
860 2947 926 3013 quo
950 2928 1124 2995 disceden,
1175 2920 1242 2984 quo
1265 2898 1543 3005 modosentiant.
1580 2897 1647 2961 Sed
1668 2898 1800 2983 quando
1823 2895 2027 2963 revelabitur
2049 2909 2157 3001 entre·

142 3024 194 3080 tes
217 3034 258 3078 ex
279 3014 344 3079 hae
366 3013 489 3078 vitain
512 3013 577 3077 fide
600 3013 940 3079 Mediatoris‘habent
966 3013 1123 3081 laetitiam
1175 3008 1264 3051 ¹¹¹¹¹¹¹¹
1286 2986 1459 3064 ¹⁰d¹⁰¹¹¹¹¹¹t
1481 2995 1549 3050 ‘⁰¹¹¹
1571 2983 1700 3048 demum
1723 2981 1978 3049 ⁰umul⁸b¹¹¹¹¹⁰l
1999 2995 2157 3049 ammae

143 3107 177 3165 et
198 3100 318 3176 vitam,
340 3100 433 3163 pum
453 3100 708 3183 promissionem
730 3098 853 3165 factam
875 3100 1046 3166 Abrahae·
1174 3091 1318 3177 poenae,
1348 3092 1486 3156 quaram
1509 3070 1702 3156 magnitudo
1724 3090 1791 3135 non
1822 3081 1933 3155 potest
1959 3071 2071 3135 verbis
2100 3089 2156 3134 ex·

1199 3180 1281 3222 rrmr.

228 3218 292 3282 llic
325 3230 458 3304 oportet
489 3238 552 3284 nos
581 3233 697 3284 tenere
724 3240 933 3287 communem
953 3219 1044 3287 illam
1067 3223 1125 3288 elo·
1174 3180 1196 3243 p
1262 3243 1356 3309 ΗΜ
1387 3245 1498 3309 monui
1529 3242 1693 3308 hacteuus
1722 3243 1764 3306 ἀρ
1792 3239 1985 3318 ,wahalim
2014 3263 2156 3327 quorum

85 3340 91 3352 ·
143 3308 300 3385 emnam,
325 3325 411 3391 (1¹¹³ss
434 3326 537 3408 5991ξο
559 3305 643 3371 ‘illas
666 3308 835 3392 repetitur,
852 3309 941 3393 q¹¹⁰d
964 3309 1124 3414 §lfflfhffit
1176 3328 1355 3416 explicatio
1376 3327 1476 3394 simul
1499 3340 1550 3393 est
1573 3328 1849 3394 commonefactio
1873 3328 1916 3392 de
1938 3331 2038 3393 rebus
2061 3329 2155 3414 ipsis.

142 3413 210 3458 una
238 3388 311 3472 lex,
345 3412 431 3477 quae
452 3395 577 3458 rudrcat
598 3405 758 3481 peccata,
791 3405 823 3457 et
845 3415 946 3459 unum
967 3397 1124 3460 rudrcmm

142 3479 206 3544 Dei
240 3480 394 3543 omnibus
428 3480 649 3563 temporibus,
684 3500 749 3564 quo
777 3479 933 3544 irascitur
960 3481 1122 3566 peccatis,

144 3579 178 3632 et
205 3567 312 3630 saneti
342 3586 409 3629 non
438 3576 515 3629 sunt
542 3560 612 3641 ullo
640 3586 784 3651 unquam
807 3575 957 3651 tempore
981 3588 1023 3632 ex
1044 3566 1077 3631 le
1104 3587 1123 3632 e

143 3649 278 3719 salvati:
309 3652 359 3715 sic
388 3672 455 3717 una
485 3662 519 3715 et
540 3652 657 3717 eadem
680 3663 732 3716 est
753 3653 931 3736 promissio
949 3590 1125 3739 Evangelii

143 3738 185 3803 de
218 3735 372 3816 Christo,
406 3758 505 3823 qaam
539 3739 729 3886 quieumpue
759 3737 824 3803 fide
853 3753 1071 3825 acceperunt,
1101 3741 1123 3806 ii

141 3823 349 3903 reconciliati
379 3835 457 3889 sunt
484 3821 578 3903 Deo,
611 3837 645 3890 et
685 3826 751 3890 acti
779 3836 856 3889 sunt
884 3824 958 3891 Filii
986 3826 1069 3906 Dei,
1091 3838 1124 3891 et

107 3953 109 3956 >
141 3910 305 3978 haeredes
328 3913 416 3976 ritae
436 3923 605 3977 aeternae.

227 4013 273 4078 Ut
302 4014 402 4100 igitur
429 4013 538 4081 Adam
568 4026 619 4081 est
646 4013 801 4080 salvatus
822 4015 936 4080 audita
956 4014 1021 4080 hac
1044 4035 1123 4081 con-

1222 3696 1391 3779 Locus
1427 3696 1688 3779 doetrinae
1725 3695 2021 3806 principalis
2061 3695 2110 3776 in

1363 3958 1365 3963 γ
1482 3854 1575 3935 hae
1613 3850 1836 3935 his-toria.

1263 4068 1466 4153 Praecipuus
1499 4080 1609 4133 autem
1642 4064 1739 4132 locus
1772 4080 1842 4144 est,
1877 4087 1920 4131 ne
1945 4065 2156 4131 offendamur
2239 4055 2247 4071 ⁴

143 4103 256 4167 aione:
289 4101 397 4162 Saurea
427 4101 563 4163 mulieris
591 4109 731 4164 conteret
756 4109 854 4182 captet
874 4106 1042 4183 serpente:
1066 4102 1124 4166 ste

141 4186 312 4254 Abraham
336 4199 389 4253 est
410 4184 567 4294 salvatus·
584 4190 751 4294 agnitione
774 4199 807 4252 et
830 4187 895 4252 title
918 4188 1058 4267 Christi,
1082 4190 1124 4253 de
1176 4243 1185 4261 ,

142 4296 210 4361 quo
233 4276 311 4340 data
334 4286 385 4340 est
409 4275 439 4339 ei
462 4296 658 4359 promissio:
680 4276 718 4336 In
740 4278 852 4337 rendae
873 4283 928 4337 tao
946 4275 1123 4337 benedicen-

103 4388 109 4402 =
143 4370 194 4425 tur
223 4382 326 4422 ornnes
354 4371 470 4443 partes.
516 4361 643 4428 Eodem
667 4363 767 4428 modo
790 4374 824 4427 et
847 4363 991 4442 caeteri,
1022 4362 1124 4427 omni-

141 4451 205 4515 bus
229 4450 436 4533 temporibus
459 4462 538 4514 sunt
560 4445 696 4528 salvati,
717 4461 753 4513 ut
770 4446 890 4514 Petrus
907 4451 940 4512 in
967 4449 1026 4514 uit:
1051 4448 1124 4512 Ore·

141 4534 243 4597 dimus
274 4556 333 4597 nos
365 4539 505 4606 sulcari,
533 4538 616 4597 sirm
645 4543 756 4617 patrer
784 4538 887 4598 uestri
907 4471 1023 4599 salvati
1039 4544 1124 4610 met,

68 4698 71 4704 Ι
135 4625 355 4704 pergratiam
374 4620 507 4683 Domini
526 4626 629 4683 nostri
649 4624 720 4684 Ictu
744 4621 873 4686 Christi.
1004 4691 1009 4699 ,

226 4708 337 4795 Atque
358 4707 445 4775 haec
467 4721 520 4775 est
542 4710 635 4776 ratio.
649 4707 883 4795 appellationis
905 4707 1015 4789 huius,
1034 4710 1124 4796 quod

141 4807 272 4859 coetum
298 4797 471 4861 beatorum
494 4793 649 4862 Christus
672 4797 821 4863 nominat
847 4799 945 4857 anum
967 4796 1123 4869 Abrabae,

141 4877 269 4945 scilieet
295 4883 372 4968 quia
401 4883 579 4949 credentes
606 4885 713 4949 verbo
735 4897 767 4947 et
790 4884 1002 4968 promissioni
1025 4883 1124 4947 datae

141 4964 316 5045 Abrahae,
350 4968 474 5035 habent
496 4971 598 5035 vitam
621 4982 801 5037 aeternam.
857 4967 1028 5033 Abraham
1055 4990 1140 5049 uttn¹

141 5062 266 5119 tantum
284 5050 398 5121 habuit
416 5059 564 5123 notitiam
581 5056 615 5122 le
640 5054 726 5122 alem
746 5058 788 5121 de
805 5055 893 5135 Deo,
910 5052 1123 5133 sicutPlato;

141 5139 201 5204 sed
221 5152 259 5206 ut
281 5138 434 5208 Christus
456 5146 576 5231 inquit:
640 5144 704 5207 idtt
725 5145 806 5206 diem
828 5146 939 5209 mam}
973 5142 1021 5206 lta
1044 5162 1124 5208 rere

1176 4153 1337 4222 seandalo
1360 4156 1490 4234 crucis,
1510 4174 1576 4240 quo
1598 4151 1753 4218 Ecclesia
1773 4155 1807 4217 in
1830 4154 1894 4218 bae
1915 4154 1982 4217 vita
2003 4163 2056 4216 est
2076 4154 2155 4217 sub·

1175 4255 1263 4307 tecta
1295 4244 1427 4328 magnis
1460 4251 1494 4308 et
1526 4241 1675 4304 tristibus
1698 4241 1881 4306 aerumnis:
1904 4259 1968 4304 nee
1988 4253 2156 4324 putemus,

1176 4341 1235 4394 aut
1256 4326 1448 4393 Ecclesiam
1469 4347 1536 4392 non
1560 4346 1637 4392 esse
1664 4346 1765 4392 curae
1786 4326 1878 4404 Deo,
1905 4338 2052 4391 autnon
2075 4344 2156 4391 esse

1177 4415 1353 4480 discrimen
1375 4413 1562 4492 hominum,
1587 4425 1767 4498 propterea
1795 4415 1886 4496 quod
1911 4410 1969 4477 illa
1997 4431 2076 4496 pars
2098 4432 2156 4496 ge-

1177 4504 1266 4567 neris
1288 4500 1435 4581 humani,
1458 4520 1544 4586 quae
1567 4501 1685 4565 dicitur
1706 4496 1871 4578 Ecclesia,
1894 4500 2001 4564 estin
2024 4498 2156 4564 maiori·

1178 4591 1240 4654 bus
1263 4589 1446 4666 aerumnis,
1468 4607 1566 4671 quam
1588 4583 1750 4671 reliquum
1772 4605 1877 4670 genus
1893 4584 2088 4650 hamanum.

1263 4674 1361 4739 Ratio
1382 4673 1525 4739 humana
1546 4671 1648 4739 valde
1673 4672 1844 4749 turbatur,
1873 4673 2006 4756 quando
2028 4671 2157 4755 quaerit

1177 4764 1221 4827 de
1241 4761 1470 4847 providentia,
1494 4780 1570 4824 cum
1593 4770 1716 4824 tantam
1740 4754 1969 4826 confusionem
1992 4759 2084 4820 videt
2104 4776 2156 4820 re·

1175 4870 1248 4912 rum
1277 4848 1509 4912 humanarum:
1531 4847 1566 4910 id
1584 4858 1650 4925 est,
1672 4843 1762 4930 quod
1785 4844 1881 4906 bonis
1903 4841 2009 4920 male,
2031 4854 2065 4908 et
2085 4863 2155 4908 ma·

1175 4932 1218 4999 lis
1239 4936 1324 5000 bene
1346 4944 1409 4998 est.
1453 4931 1533 4997 ldeo
1553 4931 1719 5016 Epicurus
1741 4929 1793 4994 sio
1813 4940 2079 5014 argumentatur:

1265 5055 1328 5118 Uet
1348 5062 1396 5116 est
1417 5053 1574 5131 conflatio,
1602 5052 1647 5112 tte·
1672 5071 1735 5112 non
1757 5057 1804 5112 ert
1820 5048 2157 5132 prouidentiarepert.e

1305 5143 1408 5204 omnia
1430 5139 1577 5202 amicilia:
1802 5176 1808 5186 -
