4620 5588
843 205 1065 274 cosmeta
1084 205 1486 278 marmorum.

2022 208 2028 218 t
2111 204 2181 278 m
2244 195 2253 212 ⁰

124 180 221 284 m

156 410 268 516 Quid
311 409 434 528 igitur
479 340 715 493 discriminis
747 414 811 487 est
840 405 946 488 inter
975 405 1138 489 habita·
1192 405 1323 510 Quale
1367 405 1517 492 festum
1549 418 1632 512 est,
1681 407 1793 518 quod
1837 408 1879 490 in
1925 404 2177 493 calendariis

173 621 177 628 ,
214 533 370 616 tionem
401 527 621 613 divinitatis
652 527 695 609 in
725 525 864 631 Paulo,
895 526 963 610 vel
993 526 1078 610 aliis
1281 528 1404 612 hodie
1440 539 1622 634 notatur,
1663 529 1854 612 videlicet
1890 530 1946 612 ad
1976 530 2087 613 diem

326 741 331 751 ,
383 650 541 753 sanctis,
572 660 616 732 et
644 648 688 732 in
718 646 908 733 chusai
1520 655 1559 734 8.
1590 649 1859 734 Decembris?

241 837 455 923 Respondeo.
488 829 922 919 Paulusponitdiscrirnen:
944 835 984 898 ln
998 833 1138 914 Cltrlrtu,
1278 829 1499 897 Gonoarrroms
1512 850 1634 895 urana.
1671 832 1733 898 Est
1752 852 1874 897 norum
1898 828 2037 912 festum,
2066 826 2177 900 et'ex·

155 926 272 1013 inquit,
304 925 599 992 praesentaturum
624 922 817 999 σωματικῶς.
868 923 913 984 So
934 927 1064 1002 supter
1084 921 1139 983 la‘e
1190 919 1372 1006 cogitatum
1394 939 1415 984 a
1437 920 1624 986 blonaclds.
1679 918 1716 984 ln
1750 917 1892 984 concilio
1916 918 2094 985 Basiliensi
2124 931 2178 987 ert

155 1017 256 1081 auca·
292 1015 389 1090 Queat
409 1019 506 1094 pater
532 1009 757 1089 surtetr‘ficaet’t,
795 1003 941 1084 scilieet,
974 1002 1138 1091 singulari
1190 1001 1315 1071 iactum
1338 1006 1504 1072 decretum
1528 1027 1589 1093 pro
1613 1004 1789 1071 blonacbis
1811 1005 2060 1085 Franciscanis,
2084 1006 2177 1091 quad

158 1102 255 1166 niodo
279 1120 354 1162 eam
376 1100 464 1162 misit
483 1091 626 1173 Paulae,
654 1114 721 1158 non
744 1103 798 1158 est
819 1095 941 1158 missus
965 1112 1007 1157 ex
1029 1088 1136 1156 coelo.
1189 1088 1289 1157 suerit
1312 1106 1476 1176 concepta
1508 1096 1581 1158 sine
1614 1107 1755 1178 peccato
1780 1093 1930 1178 originis.
1982 1092 2018 1158 ld
2041 1094 2177 1178 excogi-
2269 1134 2302 1151 .-

155 1187 336 1268 σωματικῶς
369 1181 538 1269 signilicat
575 1177 809 1266 personaliter.
870 1177 931 1243 llle
964 1176 1051 1243 lilius
1084 1188 1139 1243 cst
1190 1190 1303 1243 terunt
1335 1176 1569 1258 Franciscaai,
1602 1194 1637 1244 ut
1660 1177 1850 1245 ruulicribus
1880 1188 1976 1264 grata
2016 1181 2177 1260 dicerent,
2218 1237 2220 1240 ,

154 1273 260 1352 Deus,
282 1273 328 1338 ite
352 1284 388 1336 ut
409 1282 528 1333 natura
545 1266 690 1335 burnana
711 1267 762 1332 sic
783 1266 874 1334 unita
902 1267 946 1330 sit
963 1265 1137 1345 divinitati,
1191 1276 1224 1329 et
1246 1267 1453 1334 abducerent
1488 1287 1547 1330 eas
1570 1286 1592 1334 a
1613 1266 1746 1332 Domini
1780 1268 1913 1330 castris.
1956 1267 2003 1331 Es
2029 1273 2073 1333 at
2093 1273 2178 1332 raut-

153 1372 191 1428 ut
212 1362 257 1426 sit
277 1379 345 1425 una
365 1375 522 1443 persona.
1820 1370 1822 1375 .

281 1594 995 1715 ¹lliesdlmaadaemrselua?

241 1768 318 1837 Non
340 1791 479 1856 possum
506 1770 566 1834 tibi
593 1765 691 1833 aliter
712 1767 923 1846 describere,
954 1767 1019 1831 nisi
1050 1765 1139 1830 sicut

154 1859 189 1924 in
220 1859 355 1924 immine
385 1868 437 1922 est
470 1875 594 1940 corpus
629 1866 662 1919 et
683 1855 810 1930 ania1a3
837 1873 1037 1940 qrtamquatn
1070 1872 1137 1917 non

154 1967 216 2032 per
239 1947 350 2010 omnia
372 1944 527 2027 congruit
545 1939 737 2016 similitudo,
767 1950 949 2006 esttamen
973 1939 1137 2026 quaedam

155 2032 388 2115 cortgruentia:
422 2031 517 2095 Sicut
540 2029 644 2113 inquit
667 2027 823 2106 lustinuS,
859 2031 916 2113 qui
944 2025 1005 2093 luit
1027 2022 1137 2090 l‘bilo·

153 2118 282 2201 sopllus
316 2116 667 2199 liemarus„prrstea
699 2110 809 2178 tactus
842 2128 895 2180 est
917 2112 1136 2178 Christianus

152 2202 242 2269 latet·
264 2206 335 2270 eius
358 2222 462 2286 opera
484 2213 537 2265 est
558 2199 654 2271 liber,
687 2201 743 2285 qui
765 2198 1068 2274 νοσσῑιισἜιθισις
1089 2207 1138 2261 at·

152 2315 265 2371 στεως,
293 2291 325 2354 in
348 2311 415 2372 quo
437 2289 554 2352 scribit
587 2286 629 2350 ‹le
651 2284 827 2364 ὁπισιάσιι,
860 2301 894 2351 et
926 2287 1058 2351 duabus
1081 2306 1139 2349 aa·

152 2378 293 2441 torisia
316 2375 413 2438 Filio.
469 2373 560 2438 Dicit
592 2391 671 2436 esse
694 2370 860 2436 ὑπόστασιν
882 2393 992 2450 unam,
1027 2383 1060 2436 et
1082 2371 1137 2436 δύο

152 2461 275 2547 φύσεις,
304 2461 391 2526 sicut
417 2461 528 2523 anima
552 2469 585 2521 et
613 2477 736 2541 eorpus
766 2469 845 2523 sunt
877 2481 946 2524 una
974 2478 1139 2544 persona3

153 2562 186 2613 et
209 2550 265 2625 ait,
289 2569 361 2613 eam
385 2542 629 2609 similitudinem
651 2543 798 2630 ἁρμόδιον
826 2542 904 2608 εἶναι
932 2544 1138 2631 παράδειγμα,

154 2633 190 2698 cti
212 2634 286 2698 κατὰ
309 2633 407 2697 πάνια
429 2628 544 2713 ὅμοιοι.
587 2629 661 2716 Ego
686 2632 808 2712 credo,
835 2631 1137 2716 (ιυοι1,ςσιισ51ιιι-

153 2743 286 2787 ntanum
318 2723 369 2785 sic
404 2720 574 2784 conditum
606 2717 668 2795 sit,
702 2729 738 2782 ut
770 2720 881 2784 anima
909 2716 1081 2783 rationalis
1104 2731 1139 2784 et

155 2829 278 2893 corpus
308 2807 375 2870 sint
406 2828 474 2870 una
507 2791 682 2889 personat*
701 2816 738 2870 ut
770 2806 804 2871 in
837 2802 1138 2890 illa-copulatione

152 2897 284 2959 animae
307 2904 340 2958 et
362 2893 514 2976 corporis
537 2890 742 2977 aegitaniae,
771 2888 879 2977 qualis
902 2893 946 2956 sit
968 2890 1137 2976 copulatio

153 2997 310 3045 aeternae
351 2979 532 3043 divinitatis
584 2998 660 3041 cum
702 2990 876 3063 assumpta
921 2977 1136 3044 hunrarritate.

154 3065 247 3133 llaec
275 3066 501 3131 consideratio
524 3064 588 3149 piis
622 3064 788 3129 mentibus
822 3087 889 3131 non
922 3078 975 3130 cst
996 3062 1138 3150 inutilis;

151 3157 230 3238 qula
253 3166 386 3237 oportet
407 3153 532 3217 habore
550 3147 670 3216 saltem
693 3148 838 3238 aliquam
860 3155 1048 3239 imaginem,
1071 3172 1138 3237 qua

152 3238 239 3302 llaec
261 3237 428 3323 copulatio
451 3238 651 3303 declaretur.
706 3240 751 3304 So
783 3248 858 3319 sapt
879 3237 1019 3306 Paulus:
1047 3238 1138 3304 Diar-

153 3333 241 3389 ra'tae
272 3327 395 3388 drtdttat
424 3332 459 3389 ln
485 3325 613 3390 Christo
646 3326 848 3402 appretiaris,
870 3327 901 3388 id
926 3337 990 3404 est,
1022 3345 1138 3408 perso·

152 3408 291 3473 naliter:
324 3408 391 3473 boc
414 3421 485 3487 est,
521 3411 567 3473 ita
589 3411 734 3473 bumana
765 3424 885 3474 natura
906 3412 1137 3487 estadiuncta

154 3497 296 3565 divinae,
330 3506 367 3559 nt
399 3496 433 3558 ia
465 3506 535 3559 tota
567 3496 762 3560 aeternitate
794 3516 863 3559 non
885 3511 1071 3581 separetur,
1105 3506 1138 3560 et

152 3594 190 3646 ut
208 3585 252 3646 sit
275 3602 340 3646 una
365 3603 538 3666 persona
576 3584 648 3646 Dar
675 3584 754 3647 rt'nd
772 3584 867 3665 ΙισΙισ,
893 3602 1010 3663 prorae
1031 3586 1137 3665 dt'rrpe.

152 3671 212 3734 Iltr
232 3680 336 3734 ruerat
357 3671 436 3735 aler
453 3672 534 3735 dard
556 3678 657 3734 etuas
677 3670 800 3734 timeon
823 3670 952 3735 wracen.
996 3667 1137 3734 Debetis

153 3756 241 3819 scire
265 3757 353 3819 initia
373 3770 538 3822 tantarum
556 3774 676 3831 rorum,
700 3767 734 3820 et
756 3756 947 3833 discrimen,
969 3757 1137 3842 quornorlo

152 3840 308 3906 divinitas
330 3841 456 3908 habitet
478 3844 511 3906 ia
534 3839 669 3907 Christo
693 3838 924 3927 personaliter,
946 3849 1139 3925 σωματικῶς,

153 3939 187 3992 et
209 3928 242 3991 in
267 3925 386 4008 l’aulo,
409 3952 451 3994 ac
470 3927 544 3994 aliis
563 3929 701 4009 sanetis,
724 3951 783 4014 per
805 3930 1042 4009 assistentiam,
1062 3930 1138 3995 eil'e·

152 4016 254 4093 olive,
279 4037 345 4078 non
368 4018 490 4080 unione
514 4013 693 4100 personali.
739 4016 871 4080 Arriani
894 4028 927 4081 et
947 4014 1138 4082 Nestoriani

153 4102 250 4165 aluisi
272 4112 349 4165 snat
381 4101 446 4167 liae
469 4103 678 4179 assistentia,
713 4103 756 4167 de
777 4100 923 4167 Christo.
969 4102 1036 4168 lsta
1059 4125 1138 4169 eon·

155 4189 321 4265 siderate,
357 4202 390 4253 ot
424 4190 625 4274 cogitatione
658 4185 745 4253 illius
768 4187 949 4255 dulcissimi
971 4191 1137 4255 sermonis

155 4276 300 4338 excitate
323 4296 386 4340 ros
418 4277 463 4338 ad
495 4276 870 4361 gratiarumactionem,
902 4279 947 4340 ab
969 4277 1081 4358 petite,
1103 4287 1139 4341 ut

156 4354 260 4423 Filius
280 4360 342 4427 Dei
366 4374 461 4448 regat
483 4384 525 4426 ac
547 4364 713 4428 custodiat
734 4383 797 4426 vos
819 4373 934 4427 contra
949 4360 1139 4441 Diabolum,

157 4444 244 4508 sicut
263 4448 356 4515 dicit:
375 4452 475 4515 d'emo
496 4458 680 4532 raptatam
702 4471 746 4515 ea
763 4453 911 4515 turaldus
932 4457 1024 4517 aneis.
1060 4448 1138 4522 Qui·

159 4552 289 4614 cunque
318 4535 417 4620 igitur
441 4531 512 4600 cult.
534 4557 611 4600 esse
641 4538 785 4601 nnudtus
808 4551 927 4602 contra
947 4533 1139 4617 Diabolum,

158 4615 280 4695 videat,
302 4635 337 4683 ut
358 4634 508 4707 gestetur
525 4624 568 4686 ab
593 4624 665 4707 ipso
690 4636 840 4707 pauore,
871 4622 953 4688 Filio
977 4621 1058 4700 bea
1080 4643 1139 4711 gc·

157 4713 265 4768 statur
286 4718 396 4772 autem
417 4713 460 4775 ab
484 4730 539 4790 eo,
561 4711 692 4796 quaudo
715 4711 806 4775 audit
827 4709 931 4802 ipsius
948 4731 1077 4776 vocem.

156 4960 398 5030 lllSTOlilCA
418 4964 482 5035 DE
503 4966 769 5042 QUIBUSDAM
788 4967 939 5037 i'liS'l'lS
962 4967 1138 5050 DlEBUS,

115 5161 119 5168 ·
154 5124 227 5237 qui
250 5127 433 5211 incidunt
452 5131 528 5213 sub
542 5130 700 5214 initium
723 5134 872 5219 mensis
886 5131 1137 5218 Decembris.

311 5295 461 5341 usuarii.
476 5297 558 5341 orsa
572 5297 638 5342 vor.
651 5298 720 5343 m.
736 5356 741 5365 ¹

1191 1356 1290 1435 millia
1309 1355 1388 1435 drap
1401 1372 1557 1455 peruuart.

1200 1631 1204 1636 .
1233 1547 1359 1631 Estne
1389 1559 1588 1663 concepta
1624 1548 1711 1632 sinc
1740 1558 1910 1660 peccabo
1942 1540 2132 1659 originisi

1275 1697 1382 1764 Nemo
1415 1709 1467 1765 est
1499 1698 1572 1763 siue
1601 1698 1838 1783 depravatione
1871 1707 2010 1761 naturae
2043 1706 2178 1782 praeter

1189 1780 1306 1848 Filium
1339 1784 1424 1863 Dci,
1459 1784 1635 1851 Dominum
1670 1799 1822 1850 nostrum
1855 1783 1962 1849 lesum
1996 1782 2176 1853 Christum.

1190 1873 1360 1938 Peccatum
1388 1875 1537 1956 pervasit
1567 1880 1601 1937 iu
1634 1891 1755 1938 earnes.
1810 1869 1938 1935 Postea
1966 1891 2081 1934 verum
2111 1881 2177 1949 est,
2215 1890 2222 1907 ⁸

1190 1958 1278 2042 quod
1301 1973 1418 2024 onrata
1439 1959 1482 2023 sit
1504 1955 1794 2024 excellentissimis
1816 1959 1936 2035 donis,
1965 1969 2002 2022 ut
2032 1967 2177 2021 testatur

1190 2046 1382 2132 magnitudo
1421 2047 1538 2124 animi,
1575 2068 1637 2113 sou
1671 2044 1830 2111 fortitudo
1862 2046 1895 2110 in
1929 2046 2015 2128 ipra.
2082 2041 2178 2115 Quae
2234 2053 2241 2065 ‘

1191 2147 1295 2197 mater
1316 2133 1484 2217 potuisset
1516 2154 1595 2197 esso
1630 2135 1813 2219 speetatrix
1847 2133 1944 2196 istius
1977 2127 2176 2211 spectaculi,

1191 2218 1220 2282 si
1242 2219 1372 2286 videret
1394 2216 1495 2284 lilium
1519 2221 1717 2305 pendentem
1751 2222 1784 2283 in
1815 2217 1940 2284 cruce?
1994 2215 2075 2280 lirat
2104 2216 2175 2300 qui·

1191 2305 1265 2370 dam
1290 2304 1490 2384 llonachuS,
1513 2307 1568 2392 qui
1596 2306 1907 2395 argumentabatur:
1930 2307 2070 2383 ,tapetia
2090 2304 2177 2368 dreit

1190 2395 1236 2457 ad
1256 2392 1402 2457 Mariam
1423 2396 1504 2459 Aac:
1535 2394 1660 2471 idest,
1688 2402 1761 2460 atne
1783 2392 1877 2458 meite.
1932 2390 2005 2475 Ego
2029 2392 2113 2474 ipse,
2142 2396 2177 2452 et

1191 2476 1282 2543 multi
1305 2475 1360 2542 alii
1383 2500 1510 2544 naccum
1532 2482 1719 2546 audirimus
1747 2481 1844 2544 istam
1873 2474 2039 2541 fabellam.
2087 2475 2177 2539 latae

1191 2558 1438 2649 disputationes
1469 2578 1550 2632 tunc
1583 2565 1762 2644 volebant,
1800 2566 1887 2628 sicut
1921 2585 2008 2627 nunc
2031 2562 2176 2645 disputa·

1191 2654 1299 2719 tiones
1322 2655 1364 2717 do
1384 2650 1472 2720 linea
1491 2665 1604 2721 vester
1637 2655 1715 2743 quia
1747 2653 1890 2721 mundus
1918 2669 2051 2735 sertrper
2072 2646 2177 2714 babet

1190 2759 1253 2806 sua
1275 2741 1364 2805 vitia.

1533 2927 1598 2995 DE
1619 2924 1853 2999 rucuma.)

1223 3089 1347 3195 Quod
1377 3092 1486 3177 aliud
1518 3091 1667 3177 sestam
1699 3093 1948 3203 adscriptum
1979 3117 2146 3202 praece-

1334 3215 1447 3297 denti
1478 3216 1730 3326 septimanae
1764 3211 2042 3298 Calendariisi

1277 3393 1418 3462 Nicolai.
1464 3396 1575 3482 Saepe
1593 3399 1733 3463 auditis:
1756 3397 1833 3461 Non
1856 3392 2029 3460 toleranda
2053 3403 2104 3456 est
2127 3393 2177 3457 in·

1191 3483 1327 3547 vocatio
1357 3494 1561 3547 mortuorum
1595 3481 1651 3550 rel
1672 3494 1879 3561 sanctorum,
1914 3481 1976 3546 sed
1997 3481 2177 3546 historiam

1190 3563 1367 3637 Ecclesiae
1388 3570 1478 3637 scire
1500 3567 1579 3635 utile
1601 3581 1665 3636 cst.
1792 3578 1794 3582 ’

1265 3763 1453 3872 Quando,
1484 3766 1648 3878 etquis
1679 3765 1756 3850 suit
1784 3767 1849 3849 ille
1880 3762 2100 3849 Nicotaus?

1277 3930 1353 3998 Fuit
1375 3944 1525 4017 tempore
1547 3932 1781 4007 Corrstantini3
1802 3931 1951 3999 interluit
1966 3930 2105 4018 Syaorlo
2119 3926 2175 3993 Ni·
2209 3987 2217 3999 ,

1191 4037 1309 4095 cenae,
1334 4021 1389 4084 ubi
1412 4018 1511 4087 simul
1540 4017 1675 4085 fucrant
1697 4017 1789 4085 multi
1814 4032 2026 4104 praestantes
2051 4017 2175 4099 Marty-

1190 4126 1259 4170 res.
1303 4105 1453 4172 Fuerunt
1475 4108 1519 4172 ibi
1543 4108 1726 4191 Spiridion,
1748 4119 1782 4171 et
1800 4099 2049 4181 isredtcotnus,
2062 4099 2176 4174 etalii,

1191 4194 1247 4276 qui
1270 4205 1421 4344 mpptuos
1450 4197 1707 4260 resuscitarunt.
1752 4193 1921 4279 Spiridion
1946 4189 2026 4256 secit
2053 4208 2177 4274 inagna

1190 4300 1293 4348 turrae
1332 4300 1361 4346 a.

1360 4588 1364 4595 Ι
1393 4473 1503 4579 Quid
1533 4476 1610 4559 scis
1640 4476 1693 4559 de
1723 4473 1974 4588 Spiridione?

1278 4639 1380 4707 Venit
1403 4643 1445 4706 ad
1468 4663 1543 4708 oum
1570 4643 1697 4728 hospes
1725 4645 1759 4709 in
1789 4641 2063 4730 quadragesima,
2090 4641 2199 4713 (tant,

1191 4727 1329 4813 antiqua
1352 4741 1405 4793 cst
1427 4731 1492 4793 ista
1515 4730 1736 4805 consuetudo)
1771 4743 1803 4795 at
1838 4753 1911 4794 cam
1943 4748 2008 4792 non
2033 4723 2174 4789 haberet

1192 4812 1290 4878 alium
1315 4817 1435 4895 cibum,
1458 4817 1553 4882 iussit
1576 4818 1731 4901 apparari
1765 4839 1921 4901 pernam,
1948 4836 2008 4878 seu
2039 4830 2174 4874 carnem

1192 4899 1419 4969 torrelactam.
1449 4903 1525 4988 lpse
1548 4905 1685 4980 assedit,
1707 4916 1741 4967 et
1763 4905 1905 4968 conrodit
1931 4902 1971 4965 de
1996 4898 2188 4962 carnibusr.

1192 4989 1289 5053 iussit
1312 4988 1474 5073 hospitem
1500 5011 1632 5076 qtrnquc
1657 4993 1848 5056 comedere:
1869 4988 1943 5050 Nau
1962 4988 2046 5055 ticet.
2070 4983 2175 5064 inrprit

1192 5071 1448 5157 illaquearent
1473 5076 1681 5142 Christianus.
1726 5078 1808 5149 Ima,
1840 5077 1957 5161 inquit,
1985 5075 2058 5135 ideo
2081 5068 2174 5130 deleo

1192 5163 1363 5235 metim,
1381 5167 1456 5247 pala
1477 5183 1511 5226 cs
1526 5157 1741 5248 Christianam
1758 5167 1834 5248 puio
1845 5164 1969 5226 nturtdr's
1980 5160 2085 5224 armtiu
2100 5159 2175 5216 eruti

1809 5288 1846 5343 57
