4620 5588
130 198 216 273 lAPt
729 190 732 197 ¹
813 198 1034 267 rosum
1058 197 1457 267 mabilloniana
1495 214 1527 263 1·;
2080 198 2171 267 lan:

127 409 194 459 aaa·
207 386 292 457 ⁴lste
312 390 497 476 propositio
518 401 572 455 eat
594 391 736 469 ereditat
761 391 821 457 sed
845 391 1043 457 sohieetnm'
1057 398 1110 454 est
1160 388 1336 455 Adeamus
1357 384 1435 455 illos
1462 408 1529 455 noa
1558 409 1695 475 possum
1717 408 1780 457 vos
1801 390 1886 457 tueri
1907 389 1973 456 lide
1993 386 2144 476 publica,
2169 424 2175 447 ι

127 473 267 543 visibila
280 476 378 543 llano
391 477 573 543 doctrinam
587 489 719 563 oportet
728 498 807 544 esse
817 479 1023 543 notissimam
1035 497 1111 562 pro·
1160 494 1258 560 quam
1291 473 1422 542 hahetis
1450 479 1618 562 scriptam.
1663 476 1941 542 Sansevorinates
1964 475 2063 545 homo
2086 486 2173 543 sa·'

126 578 202 651 pter
217 565 627 644 nostrsmcomotoottsm‘,
648 580 682 630 et
703 562 907 630 intellectum
923 565 1112 650 Scn'ptura-
1159 564 1268 648 piens,
1292 574 1470 648 postquam
1491 563 1615 629 audivit
1636 564 1720 628 istos
1743 569 1821 629 esse
1841 561 2005 641 latrones,
2026 575 2062 630 et
2088 560 2145 630 vet
2274 636 2280 648 ¹

127 671 209 717 rom.
1160 650 1374 733 pugnandum
1395 667 1490 727 esse,
1524 648 1581 716 vel
1607 648 1743 736 aliquod
1771 648 1861 716 aliud
1884 650 2144 736 excogitandum

214 736 273 804 Sic
290 747 402 803 autem
418 735 513 801 Deus
532 735 765 803 universaliter
784 734 909 822 colligit
925 734 1111 802 Ecclesiam
1161 733 1349 813 consilium,
1368 735 1458 800 iubet
1470 740 1609 800 comites
1626 756 1742 801 omnes
1753 736 1962 802 descendero
1978 737 2020 802 de
2036 736 2144 822 equis,

130 828 163 888 in
175 823 317 899 muudo;
335 823 482 889 ostendit
494 842 535 887 se
558 821 827 902 revelationibus,
856 823 956 887 tradit
970 823 1110 909 promis·
1160 842 1324 906 apparare
1345 821 1529 904 prandium.
1573 822 1657 887 Nam
1680 822 1806 887 istisin
1831 819 1916 888 locis
1939 833 2071 907 oportet
2092 822 2144 888 iti·

98 910 255 987 »stanes
275 922 308 975 et
329 909 421 975 addit
441 910 638 976 testimonia.
675 910 794 977 Omnia
815 929 902 996 quae
924 906 1012 975 lacta
1034 919 1113 973 sunt
1161 927 1242 972 nera
1264 904 1425 972 iacientes
1445 908 1533 972 l'erre
1555 928 1669 973 secum
1695 910 1890 975 necessaria
1912 912 1956 975 ad
1979 908 2088 975 cibum
2111 920 2144 975 et

128 1018 151 1061 a
171 996 333 1080 principio
356 996 485 1077 ntundi,
514 1008 593 1061 suut
624 995 714 1063 sacta
737 1010 873 1081 proptor
895 993 1013 1061 Piliam
1037 993 1111 1060 Dei.
1163 1004 1292 1078 potum,
1322 1006 1354 1057 et
1386 992 1546 1080 reliquum
1574 1006 1780 1081 apparatum.
1827 993 1878 1059 llli
1906 997 1951 1060 ibi
1978 996 2009 1060 in
2040 1015 2144 1060 arena

128 1081 198 1148 lmo
224 1098 332 1168 genus
361 1079 539 1147 humanum
568 1096 621 1147 est
642 1083 827 1161 conditum,
862 1095 897 1146 ut
924 1081 982 1147 ille
1010 1078 1112 1146 Filius
1160 1079 1359 1159 insternunt,
1381 1092 1578 1164 expromunt
1600 1101 1730 1164 panem,
1751 1091 1786 1146 et
1802 1077 1977 1168 lagenulas
1994 1102 2087 1161 suas,
2109 1084 2143 1147 in

130 1169 354 1252 conspiciatur
378 1180 411 1234 et
433 1181 650 1253 agnoscatur,
676 1180 708 1234 et
730 1180 867 1253 propter
889 1165 979 1233 illum
1003 1167 1113 1232 omnia
1161 1166 1280 1252 quibus
1309 1177 1382 1231 erat
1407 1167 1530 1232 vinum.
1576 1166 1657 1232 Cum
1687 1167 1887 1233 accederent
1915 1170 1969 1234 isti
2000 1167 2142 1253 equites,

129 1255 262 1320 condita
284 1265 373 1319 sunt.
405 1254 481 1319 Non
504 1255 697 1321 debetisita
718 1252 780 1319 leri
802 1274 892 1329 esse,
915 1266 1034 1320 utnon
1058 1275 1113 1319 ve-
1162 1266 1229 1317 tum
1258 1250 1538 1318 Sanseverinates
1569 1254 1780 1339 interpretem
1808 1256 1905 1320 iussit
1931 1253 1997 1320 illis
2031 1255 2145 1319 dicere

130 1339 200 1407 litis
212 1341 277 1406 ista
292 1340 526 1406 considerare.-
549 1352 583 1406 et
598 1343 726 1406 interea
740 1346 870 1406 somnia
886 1338 1113 1419 circumferre,
1161 1336 1247 1404 haec
1271 1340 1388 1405 verba:
1423 1342 1609 1424 Agnoscere
1640 1360 1676 1406 se
1696 1342 1771 1407 illos
1792 1361 1862 1406 esse
1887 1341 2029 1407 homines
2061 1341 2145 1406 miii·

129 1428 225 1514 qnasi
239 1423 393 1491 Ecclesia
411 1429 454 1492 sit
473 1427 661 1494 invisibilis.
705 1427 847 1500 Quando
878 1428 1001 1492 recitas
1023 1425 1113 1492 hunc
1164 1434 1265 1503 tores,
1282 1434 1312 1490 et
1333 1445 1369 1490 se
1390 1445 1515 1511 quoque
1535 1447 1605 1493 esse
1626 1426 1779 1492 botninem
1799 1428 1971 1493 militarem
1987 1429 2022 1492 ia
2036 1428 2143 1512 reqio-

130 1510 306 1581 articulum
329 1511 422 1578 iidei:
456 1513 565 1580 Credo
586 1514 762 1581 ΕοοΙειίαιιι
789 1521 937 1579 sendum
969 1512 1114 1579 Catholi·
1162 1512 1256 1577 nibrts
1277 1513 1548 1592 occidentalibus,
1576 1514 1611 1578 in
1633 1513 1786 1595 Europae,
1815 1515 2037 1599 protisdmum
2054 1511 2143 1596 sore,

130 1620 213 1679 cars,
236 1601 340 1665 debes
364 1600 529 1685 cogitaret
550 1599 643 1667 llaec
666 1615 717 1665 est
730 1598 895 1677 Ecclesia,
919 1621 1018 1684 quam
1040 1620 1113 1664 cer·
1162 1600 1195 1664 si
1219 1618 1323 1663 secum
1349 1600 1444 1664 modo
1470 1601 1693 1684 prcadmeat,
1720 1608 1757 1665 ot
1781 1601 1910 1684 possint
1937 1602 2078 1686 colloqui
2103 1601 2145 1665 da

92 1710 102 1718 ’
129 1706 174 1753 uo
197 1684 317 1764 oculis,
339 1687 438 1752 audio
457 1688 593 1752 auribus
609 1701 785 1753 sonantem
805 1706 921 1752 vocem
937 1683 1114 1771 Evangelii
1162 1685 1258 1751 rebus
1285 1685 1498 1766 nnbtcribus,
1523 1682 1684 1768 fortassis
1714 1688 1888 1753 audituros
1910 1689 1985 1752 ilios
2006 1687 2144 1772 aliqud,

128 1774 368 1858 incorruptam.
395 1772 448 1836 Ad
465 1770 556 1838 illurn
574 1784 706 1839 coetum
725 1794 778 1839 me
795 1790 961 1860 aggrego,
983 1784 1018 1838 et
1036 1791 1113 1836 ean·
1135 1774 1139 1863 ι
1162 1772 1318 1858 quodeis
1346 1781 1480 1857 patum
1512 1776 1573 1852 tit,
1605 1793 1641 1838 se
1668 1792 1793 1858 quoque
1823 1793 1942 1856 cupere
1971 1776 2073 1839 nodio
2102 1772 2144 1839 ch

129 1860 205 1925 dent
226 1878 345 1925 vocem
367 1858 540 1937 confiteor,
563 1872 596 1925 et
616 1860 738 1925 invoco
761 1860 889 1938 Deum,
940 1860 973 1925 ui
995 1878 1034 1923 se
1055 1878 1113 1942 pc·
1162 1860 1229 1923 illis
1250 1859 1394 1938 ducere,
1424 1860 1465 1924 de
1492 1861 1623 1926 illorum
1649 1878 1747 1925 crore.
1793 1858 1849 1924 isti
1872 1858 2023 1926 homines
2042 1859 2144 1925 admi·

129 1942 246 2013 telecit
266 1946 371 2010 misso
394 1944 497 2010 Filios
520 1967 594 2010 cum
616 1946 681 2011 hac
703 1944 858 2012 Ecclesia
880 1967 899 2011 s
935 1947 1052 2011 vahor.
1162 1946 1225 2009 rati
1243 1947 1408 2023 virtutem,
1426 1945 1481 2011 vel
1499 1949 1611 2029 potius
1631 1946 1836 2031 dignitatem,
1856 1958 1889 2010 et
1905 1948 2145 2031 praestantiam

215 2031 315 2110 Scio,
337 2033 426 2117 quod
449 2043 585 2117 propter
606 2032 693 2098 hanc
716 2031 903 2098 Ecclesiam
925 2032 1020 2096 Deus
1042 2050 1112 2096 ser·
1163 2032 1307 2110 virtutis,
1331 2032 1538 2097 descendunt
1561 2033 1603 2097 de
1625 2033 1734 2118 equist
1757 2029 1903 2098 salutant
1919 2053 2006 2112 eum,
2030 2032 2145 2097 dicunt

128 2129 186 2185 rat
207 2138 316 2206 genus
337 2116 532 2197 humanum,
561 2130 595 2183 et
641 2120 708 2184 nod
730 2118 845 2184 iirtnae
866 2140 907 2184 ac
931 2129 1023 2182 ratae
1044 2138 1112 2181 ma·
1133 2120 1138 2231 l
1163 2119 1211 2195 ei,
1240 2137 1279 2181 se
1301 2114 1443 2185 libenter
1465 2139 1529 2184 una
1556 2139 1757 2204 pransuros:
1791 2121 1960 2197 assident,
1986 2119 2146 2204 incipiunt

128 2218 230 2272 aaut
251 2204 490 2289 promissiones
512 2203 589 2270 huic
636 2203 783 2271 eclesiae
804 2201 932 2270 iactast
956 2203 1028 2269 Hac
1045 2203 1112 2268 fide
1134 2236 1138 2261 ι
1162 2201 1310 2289 colloqui
1333 2205 1375 2270 de
1397 2224 1489 2269 more
1510 2206 1678 2293 regionis,
1700 2205 1742 2269 de
1764 2206 1863 2271 modo
1886 2206 2076 2291 regiminis,
2103 2205 2146 2269 de

127 2289 238 2357 Deum
258 2292 399 2367 invoco;
427 2303 521 2375 peto,
549 2302 586 2356 ut
607 2312 661 2356 me
682 2293 820 2369 doceat,
848 2289 1010 2375 provehat
1031 2302 1112 2354 tam·
1134 2264 1139 2309 ¹
1162 2290 1288 2376 regnis,
1312 2287 1420 2376 qualis
1443 2293 1486 2355 sit
1502 2288 1609 2355 forma
1626 2291 1890 2376 gubernationis,
1914 2312 2000 2377 quae
2018 2311 2145 2377 genera

127 2396 227 2463 quam
249 2378 432 2445 membrum
454 2397 537 2442 suae
553 2375 736 2443 Ecclesiae.
765 2376 859 2442 Sicut
876 2374 984 2441 David
1008 2396 1112 2460 saepe
1133 2314 1138 2448 l
1161 2396 1340 2455 armorum,
1357 2397 1443 2462 quae
1460 2379 1504 2441 sit
1521 2379 1604 2441 ratio
1619 2377 1888 2454 obsidendamm,
1905 2378 2144 2463 oppugnanda·

128 2461 266 2530 clamat:
295 2461 337 2529 ltt
356 2465 568 2531 tabenaculo
589 2472 646 2529 tuo
667 2464 850 2529 abscondas
865 2483 926 2529 me.
949 2461 1023 2526 Fuit
1044 2464 1112 2528 usi·
1162 2483 1247 2539 rum,
1270 2473 1304 2527 et
1320 2464 1616 2549 expugnandarutn
1632 2464 1776 2541 urbium,
1793 2476 1826 2527 et
1845 2461 1911 2529 alia
1926 2460 2040 2528 multa.
2063 2461 2146 2528 Erat
2170 2498 2173 2503 ·

127 2561 249 2630 utum,
276 2563 315 2617 ιιι
341 2551 529 2617 homicidae
554 2548 776 2639 confugerent
804 2549 997 2634 intemplo,
1025 2550 1112 2613 sicut
1162 2545 1302 2612 militare
1326 2560 1359 2614 et
1380 2568 1487 2614 suave
1509 2545 1722 2634 colloquiunt.
1767 2547 1888 2615 Postea
1911 2551 2032 2616 amotis
2054 2570 2144 2615 men·

126 2632 345 2703 nmoffettan
372 2635 420 2701 fit.
458 2637 667 2723 Argentinae
696 2636 818 2702 accidit
841 2655 909 2700 non
932 2645 1009 2700 aute
1031 2633 1111 2699 mul·
1134 2644 1137 2712 j
1161 2636 1223 2714 sis,
1243 2635 1335 2699 iubet
1352 2633 1464 2701 afferri
1480 2635 1578 2713 dona,
1600 2655 1714 2714 enses,
1736 2656 1849 2714 arcus,
1872 2636 2088 2715 bombardas,
2111 2646 2146 2701 et
2170 2682 2173 2691 .

127 2734 184 2791 tos
205 2742 323 2789 annos.
345 2722 423 2789 Fuit
443 2723 575 2808 quidam
597 2721 651 2788 fur
673 2732 802 2806 captus,
825 2721 964 2788 ministri
986 2722 1112 2788 ducunt
1134 2722 1138 2809 q
1163 2717 1282 2786 similia
1303 2723 1512 2788 monimenta„
1540 2722 1656 2787 Donat
1677 2719 1820 2808 singulis
1842 2718 1977 2807 aliquid,
2000 2733 2145 2806 etpost
2277 2756 2283 2769 =

127 2829 210 2876 eum
226 2829 287 2893 per
308 2809 533 2875 coemiterium
555 2809 690 2894 incauti.
720 2809 789 2886 Ite,
814 2809 921 2894 inquit
950 2827 1030 2886 vos,
1053 2828 1071 2871 e
1092 2827 1113 2872 o
1162 2828 1204 2873 ea
1225 2808 1303 2872 dicit
1324 2826 1364 2872 se
1385 2828 1524 2896 rogare,
1552 2820 1588 2873 ut
1615 2809 1693 2873 boni
1721 2805 1915 2886 consulam3
1943 2820 1977 2874 et
2002 2808 2073 2896 agit
2093 2809 2144 2875 eis
2169 2845 2173 2861 ·

127 2895 181 2962 itio
200 2896 345 2963 iambo.
367 2893 419 2960 llli
441 2897 582 2981 primum
604 2896 866 2963 recordabantur
884 2913 961 2959 esse
979 2828 1113 2979 privillt·
1163 2895 1303 2981 gratias,
1326 2896 1417 2980 quod
1438 2914 1553 2960 secum
1597 2895 1688 2960 rausi
1706 2895 1788 2968 sint,
1811 2908 1844 2960 et
1865 2895 1964 2981 petit,
1992 2905 2031 2961 ut
2050 2913 2144 2963 mou·
2168 2940 2172 2949 -

128 2983 218 3069 ςίιιιιι
235 2978 324 3049 illius
345 2980 426 3061 loci,
443 2984 533 3067 quod
554 3003 622 3049 non
644 2979 767 3049 licebat
789 3001 831 3046 ex
850 2981 1040 3047 coemiterio
1057 2975 1113 3045 vel
1162 2990 1271 3046 strent
1292 2980 1395 3060 riam,
1419 2999 1569 3047 commen
1614 2990 1689 3046 tse
1709 2979 1788 3047 illis.
1832 2980 1891 3048 lsti
1908 3002 1976 3048 una
1997 2982 2173 3068 equitant.

129 3064 252 3154 tempto
281 3089 403 3154 rapere
429 3067 537 3149 tales,
569 3071 625 3155 qui
656 3079 751 3159 erant
781 3067 951 3135 afficiendi
980 3064 1138 3151 capitali1
1163 3065 1276 3152 aliquo
1310 3068 1435 3152 spatio;
1475 3067 1593 3133 deinde
1614 3079 1801 3134 monstrant
1823 3069 1930 3148 viam,
1956 3078 1991 3134 et
2012 3069 2146 3135 tandem

128 3151 311 3239 supplicio,
338 3168 372 3220 et
399 3152 456 3223 ille
482 3159 529 3220 ito
555 3152 717 3221 liberatus
744 3165 808 3220 est.
837 3155 894 3219 Sic
915 3173 979 3219 nos
1000 3153 1112 3219 miseri
1134 3190 1138 3233 ι
1164 3154 1302 3219 comiter
1323 3155 1365 3223 ab
1388 3152 1446 3219 illo
1469 3154 1655 3222 discedunt.
1700 3152 1751 3220 lta
1771 3155 1836 3220 iste
1855 3152 2011 3222 liberavit
2032 3171 2072 3219 sc
2090 3174 2146 3239 pc·

127 3239 296 3309 affluendi
317 3239 516 3327 capitalibus
535 3238 719 3327 suppliciis,
743 3239 953 3327 confugimus
971 3240 1016 3305 ad
1032 3250 1113 3304 tem·
1162 3237 1279 3305 riculo.
1314 3237 1396 3304 Post
1420 3241 1550 3305 tertium
1574 3241 1661 3305 diem
1681 3237 1729 3305 illi
1755 3241 1895 3308 redeunt
1919 3239 2022 3307 multo
2044 3242 2146 3306 maio·

151 3324 231 3406 lum,
253 3329 297 3393 ad
317 3325 581 3408 tabernaculum,
603 3342 640 3395 ut
664 3325 817 3394 Psalmus
840 3328 963 3413 inquit;
991 3326 1024 3391 id
1049 3337 1113 3404 est,
1163 3328 1379 3410 riapparatu,
1396 3337 1429 3391 et
1444 3328 1560 3392 maiori
1578 3327 1700 3410 impetu
1717 3329 1852 3411 capiunt
1864 3348 1938 3394 eum
1954 3349 2030 3394 cum
2043 3329 2144 3395 comi-

162 3433 226 3481 cos
247 3426 362 3480 servat
383 3435 446 3479 nos
470 3434 545 3481 oum
566 3436 630 3480 sua
650 3413 818 3481 Ecclesia.
1163 3413 1265 3477 tibus.
1291 3411 1566 3479 Sanseverinates
1583 3424 1675 3497 putat
1696 3432 1735 3478 se
1752 3434 1830 3479 esse
1846 3425 1990 3499 captum,
2014 3417 2147 3483 ducitur

216 3499 297 3571 Post
317 3499 406 3571 hano
429 3498 793 3578 cominonelactionem,
816 3520 902 3585 quae
925 3510 977 3563 ost
998 3502 1029 3564 in
1049 3499 1114 3563 ists
1163 3500 1197 3564 in
1220 3519 1348 3578 arcem,
1380 3499 1426 3564 ibi
1448 3497 1683 3565 honestissime
1709 3511 1871 3566 tractatur
1898 3521 1961 3586 per
1990 3504 2147 3581 triduum,

130 3585 284 3664 historiat
303 3587 424 3653 vitot
446 3587 544 3652 etiam
563 3589 751 3673 imaginem,
774 3587 888 3665 Qttolt’s
902 3587 946 3653 sit
956 3585 1113 3651 Ecclesia
1165 3597 1198 3651 et
1215 3584 1336 3653 deinde
1357 3587 1526 3652 reducitur
1545 3587 1579 3650 in
1603 3586 1699 3651 viam
1890 3636 1893 3641 .

127 3669 255 3743 videto.
275 3670 366 3741 lilum
387 3671 559 3760 populum,
605 3670 690 3739 uelis
711 3685 793 3738 tnnc
815 3670 924 3737 fuerit·
951 3670 1035 3745 Quis
1056 3673 1115 3736 do·
1252 3671 1299 3737 lta
1318 3672 1424 3737 virtus
1446 3685 1498 3736 est
1519 3672 1727 3737 admirationi
1745 3675 1843 3737 etiam
1865 3670 1947 3739 l'en’s
1970 3686 2004 3739 et
2027 3676 2145 3740 barba·

129 3760 317 3828 minabatur
339 3774 419 3825 tunc
440 3757 486 3824 illi
508 3781 576 3845 pop
613 3759 842 3835 olllerodes,
865 3762 921 3844 qui
943 3755 1004 3822 fuit
1026 3756 1114 3822 iilius
1166 3760 1217 3829 ris,
1234 3757 1431 3823 hominibus.
1464 3758 1516 3823 Ex
1538 3760 1603 3823 isto
1626 3779 1749 3844 genere
1778 3758 1945 3825 bominum
1966 3758 2026 3825 icit
2048 3760 2144 3827 Auti-

128 3845 307 3930 Arttipstrl,
324 3847 421 3911 amici
439 3843 509 3912 lulii
528 3845 700 3923 Caesaris,
721 3842 783 3910 luit
800 3844 988 3922 ldumaeus‚
1006 3864 1114 3910 rerum
1166 3856 1277 3929 pater,
1310 3854 1344 3909 et
1371 3844 1522 3910 ilerodes
1552 3842 1640 3911 iilius
1663 3845 1839 3930 Antipatri.
1866 3845 1986 3912 ¹lulius
2014 3846 2142 3912 Caesar

129 3929 325 3999 bellicarum
340 3935 481 4017 peritus:
505 3934 592 3999 sicut
608 3935 642 3997 in
661 3931 750 3997 hunc
767 3951 873 4016 usque
888 3931 973 3996 diem
989 3931 1021 3995 in
1041 3931 1115 3995 istis
1136 3877 1142 4039 Ι
1166 3932 1411 3997 commendavit
1429 3932 1604 4016 Antipatro
1627 3942 1792 4016 tamquam
1808 3930 1898 3999 fideli
1921 3937 2006 4012 viro,
2029 3934 2145 3999 ludae-

130 4012 217 4083 locie
233 4017 383 4083 habitant
401 4018 553 4085 homines
571 4017 730 4085 militares
747 4029 780 4084 et
796 4018 996 4102 praedones.
1018 4015 1114 4082 Reci·
1164 4038 1230 4083 am.
1269 4016 1353 4083 Nam
1375 4028 1529 4102 potentes
1552 4019 1672 4089 domini
1696 4020 1776 4083 dant
1802 4038 1949 4102 operam,
1973 4032 2009 4085 ut
2029 4017 2145 4085 fideles

131 4104 199 4172 tavi
219 4096 319 4171 vobis
340 4100 426 4169 alias
448 4106 633 4182 historiam,
665 4125 763 4191 quam
786 4115 821 4170 et
842 4125 932 4170 nuno
953 4103 1115 4168 recitabo.
1165 4101 1316 4169 homines
1338 4105 1402 4169 sibi
1423 4105 1623 4189 adiungenti
1644 4105 1732 4169 sicut
1754 4117 1869 4169 noster
1887 4105 2067 4192 imperator
2081 4104 2145 4173 Ca·

159 4230 164 4269 ;
176 4242 179 4247 .
210 4190 495 4259 Senseverinates
517 4188 579 4256 luit
600 4192 701 4257 homo
724 4188 856 4262 nobilis,
879 4191 1007 4254 amicus
1027 4185 1115 4254 Pon·
1165 4188 1259 4254 rolus
1277 4188 1321 4253 V.
1350 4189 1542 4256 mirabiliter
1563 4189 1718 4255 diiudicat
1740 4201 1877 4256 naturas
1899 4190 2085 4259 hominumt
2109 4206 2145 4259 et

132 4287 226 4355 tuno,
245 4277 402 4362 scriptori
423 4273 482 4348 illi,
500 4291 534 4342 et
556 4277 723 4343 dimicavit
739 4275 980 4352 monomachia,
1001 4275 1116 4355 idest,
1136 4314 1140 4340 .
1164 4277 1285 4340 videtis
1307 4296 1382 4341 enm
1404 4275 1529 4341 babere
1552 4273 1669 4340 fideles
1687 4275 1856 4355 homines,
1889 4280 1980 4365 quod
2002 4299 2069 4343 non
2090 4295 2145 4345 est

131 4362 160 4426 ιε’
265 4365 293 4429 ri
325 4361 454 4448 proelio
488 4382 565 4431 cum
590 4361 720 4428 Comite
757 4364 799 4428 de
832 4358 1050 4439 strueretur,
1081 4363 1114 4426 in
1164 4365 1320 4428 usitatum
1342 4365 1374 4426 in
1397 4361 1472 4429 aliis
1495 4360 1593 4427 aulis.
1634 4359 1768 4449 Alioqui
1791 4362 1915 4430 ltaliam
1937 4387 2005 4431 non
2028 4376 2146 4448 posset

131 4449 174 4513 be
200 4447 382 4529 oVeneto‚
405 4451 496 4536 quod
517 4449 578 4515 fuit
600 4451 663 4513 sub
682 4448 895 4536 Sigismundo
911 4447 1140 4545 lntperatore'¹
1165 4459 1291 4526 tenere,
1314 4449 1377 4513 nisi
1399 4446 1540 4514 haberet
1560 4449 1712 4514 homines
1732 4451 1796 4514 sibi
1819 4452 1864 4515 ita
1885 4454 2050 4518 addictos.
2096 4442 2145 4517 lta
2177 4462 2189 4475 “

131 4534 217 4601 duce
238 4537 430 4602 Austriaco.
474 4535 535 4600 llle
556 4533 679 4601 Comes
701 4539 743 4600 de
764 4531 978 4613 Sonneieldt,
1012 4535 1112 4598 homo
1137 4555 1141 4627 ᾗ
1165 4533 1268 4599 lulius
1303 4537 1466 4599 commisit
1504 4534 1679 4620 Antipatro
1711 4535 1870 4602 idumaeo
1903 4539 2073 4613 ludaeam3
2111 4549 2146 4603 et

132 4618 332 4700 Germanus,
354 4619 418 4689 fuit
439 4620 605 4689 valentior
627 4619 729 4700 ltalo,
751 4623 830 4687 vicit
851 4641 951 4697 eum3·
970 4621 1007 4684 is
1023 4640 1061 4685 se
1084 4622 1113 4686 ei
1136 4636 1140 4696 ι
1164 4618 1219 4684 ille
1241 4631 1366 4685 tanturn
1388 4617 1449 4687 fuit
1471 4618 1679 4707 praefectus,
1713 4624 1817 4688 tenuit
1844 4622 1999 4689 Iudaeam
2022 4624 2146 4691 tutorio

134 4709 275 4787 dedidit,
299 4708 375 4775 ideo
402 4704 459 4773 ille
485 4708 634 4793 pepercit
656 4708 704 4783 ei,
732 4710 820 4773 sicut
845 4706 1023 4773 honesturn
1050 4718 1113 4772 est
1165 4707 1307 4772 nourine.
1351 4708 1419 4772 Sed
1440 4721 1560 4792 postea
1582 4708 1704 4773 Herodi
1726 4708 1901 4797 Augustus
1923 4721 1957 4774 et
1978 4711 2145 4776 Antonius

130 4789 257 4860 Postea
277 4795 554 4861 Sanseverinates
576 4795 666 4861 venit
688 4795 721 4857 in
743 4804 866 4858 terram
889 4805 1057 4872 sanctam,
1080 4795 1114 4859 iu
1165 4794 1351 4859 tribuerunt
1372 4796 1463 4880 regis
1485 4792 1627 4860 titulum.

132 4878 369 4961 Palaestinam,
390 4882 466 4947 inde
488 4891 541 4946 est
561 4877 733 4966 proiectus
754 4882 787 4944 in
804 4892 947 4944 orontem
959 4878 1049 4946 Sinai
1071 4880 1114 4945 ad
1252 4878 1493 4946 Dominabatur
1513 4880 1614 4965 igitur
1634 4877 1693 4947 llio
1715 4891 1865 4966 tempore
1887 4883 1921 4948 iu
1943 4879 2067 4967 populo
2078 4879 2146 4949 net

134 4965 171 5033 8.
198 4964 423 5033 catharinam.
450 4971 487 5035 ln
511 4986 554 5032 eo
583 4965 699 5031 itinere
724 4968 758 5030 in
776 4967 896 5031 vicinia
919 4965 1115 5031 idumaeae
1164 4964 1330 5045 Herodes,
1351 4965 1452 5034 homo
1469 4970 1601 5053 impius.
1634 4966 1706 5032 Etsi
1727 4969 1814 5032 enim
1832 4978 1904 5033 erat
1925 4969 2146 5037 circumcisus
2199 5003 2203 5010 ·

133 5064 167 5118 et
191 5053 343 5120 Arabiae
367 5064 586 5119 occurrerunt
613 5054 643 5118 ei
669 5049 857 5123 latrunculi.
901 5049 949 5118 lbi
983 5053 1115 5119 dicebat
1164 5073 1227 5136 pro
1249 5049 1373 5132 forma,
1402 5067 1511 5119 tamen
1539 5050 1734 5140 religionem
1756 5051 1836 5118 nihil
1860 5057 2015 5122 curabatt
2045 5055 2144 5120 Aedi·
2243 5074 2248 5085 ‘

132 5138 313 5231 interpres:
345 5139 421 5205 Vos
441 5140 583 5219 domiui,
610 5141 746 5207 veniunt
771 5139 925 5206 lomnes
945 5135 1133 5216 militares,
1164 5136 1275 5205 ficsrit
1296 5137 1454 5226 Augusto
1475 5138 1642 5227 templum
1685 5135 1805 5217 Qualis
1826 5152 1937 5207 autem
1959 5141 2045 5225 lieu,
2066 5136 2145 5228 talis
2166 5186 2172 5197 .

1884 5257 1939 5315 10·
