4620 5588
147 154 213 224 oet
835 155 1055 226 Pos'rrlnm
1082 153 1484 226 mammertinus„
1595 74 1613 107 ο
2104 158 2173 229 aas

237 349 341 432 Maqi,
362 349 480 430 idest,
500 349 698 418 sacerdotes
717 346 856 416 Persici.
899 347 1028 417 Persae
1046 351 1133 416 enim
1269 346 1551 431 limitamentum]
1600 346 1651 415 'l'u
1683 345 1883 415 Bethlehem
1917 344 2085 430 celebrata
2119 369 2170 431 cs,

148 439 406 504 nonrinaverunt
427 457 509 503 snos
531 436 728 502 sacerdotes
750 436 883 524 Magos.
926 435 970 502 Et
991 446 1059 503 non
1080 447 1134 502 est
1184 444 1217 502 et
1239 432 1389 522 gloriosa
1422 454 1460 500 es
1492 455 1536 501 cx
1567 435 1634 502 hoc
1667 433 1850 513 beneficio,
1873 431 2015 520 parvula
2036 435 2169 521 quidem

148 525 287 590 dubium
310 535 446 589 nostros
467 524 659 608 superiores
680 520 785 589 luisse
807 525 936 589 vicinos
956 523 1083 602 Persis,
1100 534 1135 589 et
1185 540 1340 605 corpore,
1363 521 1424 586 sed
1447 521 1570 587 donata
1588 533 1681 587 tanta
1702 520 1836 608 gloria,
1868 532 1906 586 ut
1922 522 1969 586 ibi
1991 523 2171 589 conveniat

150 621 272 696 postea
337 611 543 678 rturbstionc
565 611 708 696 quadam
731 608 823 676 sacta
841 624 894 676 est
911 612 1058 677 mutatio.
1078 607 1133 675 Di·
1184 627 1333 674 summus
1355 620 1507 686 serratus,
1530 605 1705 686 Christus,
1727 606 1858 686 Maria,
1891 606 2036 693 loseph,
2064 608 2169 696 Magi,

152 709 232 764 cunt
265 697 377 764 ahoe
412 716 491 762 esse
527 693 649 762 similia
680 717 774 762 arma
807 707 840 761 et
873 717 1018 783 corpora
1051 693 1133 762 Ger·
1184 693 1307 781 Angeli
1330 694 1482 774 ministri,
1504 705 1538 760 et
1559 691 1652 760 multi
1673 691 1729 760 alii
1752 694 1797 779 pii
1820 707 1853 760 et
1875 696 1996 776 sancti,
2018 696 2075 782 qui
2097 693 2169 762 fue·

149 783 270 850 uranie.
1184 794 1263 848 runt
1282 782 1316 846 in
1339 783 1457 846 eodem
1480 781 1678 849 diversorio.
2007 781 2010 786 “

237 867 341 931 Persa
361 880 443 955 puto
465 887 544 935 esse
565 870 608 935 ab
630 867 754 955 aquila.
800 869 880 937 lnde
898 882 950 936 est
972 868 1084 936 adhuc
1100 870 1134 935 in
1270 867 1429 947 drisci-ant
1446 888 1574 940 comm,
1609 869 1687 954 quia
1720 867 1816 933 Deus
1848 865 1955 933 voluit
1976 865 2043 933 hoc
2066 868 2169 935 modo

150 956 278 1022 nostris
299 957 447 1041 imperiis
468 952 593 1043 aquila.
623 954 732 1043 Cyrus
754 956 811 1022 det
831 957 912 1023 cacis
934 959 1023 1019 auen
1044 956 1135 1018 ociter
1184 975 1305 1021 curare
1325 956 1519 1040 perentibus
1531 955 1654 1019 victum
1675 956 1718 1020 ad
1740 956 1814 1032 iter,
1826 955 1982 1020 adierunt
2003 974 2070 1033 res,
2082 976 2169 1043 quae

149 1044 269 1125 assurt.
973 1065 974 1069 ¹
1184 1061 1306 1127 magno
1329 1052 1508 1125 potuerunt
1529 1042 1644 1106 vendi:
1666 1062 1784 1110 carnin,
1806 1042 1840 1105 id
1863 1052 1935 1119 est,
1964 1042 2169 1119 doctrinam

236 1128 353 1212 Μαρια
374 1123 779 1213 primuml'uithonestum
788 1129 1135 1216 vocabulum,postea
1184 1125 1267 1207 tias,
1290 1128 1410 1207 idest,
1432 1129 1695 1204 invocationcm3
1716 1126 1855 1210 azymita,
1878 1127 1913 1192 id
1935 1141 1999 1207 est,
2022 1148 2168 1195 crucem.

213 1225 289 1302 pter
319 1217 461 1282 abusum
494 1211 693 1281 translatum
725 1229 779 1283 est
815 1219 859 1283 ad
892 1215 998 1282 males
1031 1226 1134 1281 artes.
1184 1210 1298 1301 Reges
1321 1211 1449 1280 Persici
1471 1211 1623 1279 fecerunt
1645 1215 1691 1279 ibi
1710 1215 1908 1280 coronastis
1930 1212 2077 1301 myrrha,
2097 1229 2169 1280 tan·

149 1236 246 1370 &Mat
267 1299 327 1368 illu
349 1302 448 1367 dictio
470 1301 696 1366 Mamaeam
718 1314 771 1369 est
792 1303 970 1371 honesturn
987 1303 1135 1369 vocabu·
1178 1318 1283 1387 ‘quam
1300 1301 1342 1366 de
1364 1320 1401 1366 re
1423 1300 1583 1385 pretiosa,
1606 1302 1700 1366 cuius
1724 1311 1777 1366 cst
1799 1321 1943 1389 magnus
1966 1321 2059 1365 usus.

148 1383 230 1455 lum.
280 1389 368 1455 Nam
388 1388 522 1473 μάθημα
554 1388 583 1453 si
631 1387 721 1456 ificat
743 1388 952 1477 disciplinam
960 1411 970 1475 ;
1002 1401 1135 1477 postea,
1270 1385 1418 1452 Historia
1450 1398 1562 1452 autem
1594 1386 1660 1453 duo
1684 1387 1845 1452 continet:
1881 1386 2169 1455 1.Narrattonem

149 1476 229 1562 quia
251 1473 346 1541 multi
366 1477 466 1542 abusi
487 1486 567 1543 sunt
618 1496 664 1542 ac
685 1487 770 1558 arte,
798 1473 994 1545 translatum
1016 1489 1069 1543 est
1090 1476 1134 1542 ad
1184 1474 1363 1539 testimonii
1385 1473 1429 1538 de
1450 1485 1529 1538 nato
1551 1469 1704 1550 Christ03
1737 1474 1769 1540 2.
1793 1474 1835 1538 de
1863 1473 2025 1539 doctrina·
2072 1472 2168 1542 Deus

148 1557 270 1630 malam
292 1559 560 1646 appellationem.
1184 1560 1270 1625 enim
1292 1579 1361 1626 non
1392 1557 1464 1626 vult
1484 1557 1673 1626 Ecclesiam
1707 1577 1786 1626 esse
1819 1559 1966 1625 abditam
1998 1570 2065 1625 tum
2089 1581 2169 1627 uam

148 1696 153 1709 .
243 1647 399 1712 memt
421 1648 460 1712 cd
479 1652 608 1715 ammte.
633 1649 681 1713 Es
700 1668 757 1734 sep
777 1670 840 1714 mn
861 1652 894 1713 in
906 1648 1040 1718 Sabaea
1057 1647 1136 1712 oder
1184 1647 1218 1711 in
1240 1643 1421 1732 speluncis.
1445 1643 1549 1713 ‘Vult
1567 1666 1641 1711 eam
1664 1645 1814 1732 conspici
1836 1646 2041 1711 ctexaudiri.
2106 1667 2168 1715 eus

30 1787 32 1791 .
149 1733 254 1814 aicit,
281 1734 400 1802 Persiu
421 1731 483 1802 fuit
506 1738 712 1804 contermina
733 1737 897 1805 Sabaeae.
941 1734 1133 1823 Longitudo
1183 1729 1320 1800 volebat
1336 1744 1451 1800 extare
1468 1732 1759 1812 testimonia,curn
1781 1742 1881 1797 natus
1905 1733 2169 1812 essctMessias3

148 1818 405 1909 Hierosolymae
426 1833 479 1888 est
500 1821 545 1889 66
566 1824 742 1910 graduum,
763 1824 828 1886 end
849 1824 1003 1891 Sabaeae
1025 1825 1069 1887 ist
1088 1822 1133 1890 80
1184 1818 1260 1886 lose
1283 1819 1306 1884 h
1329 1832 1402 1887 erat
1424 1821 1532 1899 testis,
1552 1819 1607 1885 An
1634 1813 1700 1898 cli,
1733 1831 1892 1904 pastores
1925 1832 2022 1885 erant
2050 1830 2169 1900 testes,

149 1908 313 2059 fustinum
335 1928 484 1990 pumen.
528 1909 576 1975 Er
644 1910 689 1975 ad
706 1911 872 1978 minimum
890 1908 1032 1998 proiecti
1054 1921 1133 1976 sunt
1184 1843 1283 1993 quel
1296 1917 1389 1974 esset
1409 1905 1556 1973 Messias
1580 1840 1644 1972 exli

171 1992 216 2058 00
237 1992 390 2074 miliaria,
423 2008 456 2061 et
488 1997 561 2062 exis
587 2017 641 2062 mo
670 1995 750 2063 illos
783 1994 889 2064 inisse
917 2018 959 2063 aa
981 1994 1131 2085 reliquiis
1183 2013 1246 2060 nes
1267 1994 1336 2060 nati
1357 1995 1392 2059 in
1414 1990 1555 2073 iudaea,
1579 1993 1640 2058 sed
1673 2002 1708 2058 et
1738 1993 1891 2059 homines
1913 1989 2043 2059 Persici
2073 2011 2169 2079 prae·

147 2079 386 2165 discipulorum
407 2079 572 2162 Danielis,
601 2086 657 2168 qui
681 2080 742 2149 suit
763 2081 956 2171 praefectus
976 2081 1012 2150 ln
1034 2084 1131 2150 Susis
1184 2081 1264 2149 bent
1284 2080 1507 2148 testimonium
1526 2080 1568 2147 dc
1584 2090 1664 2146 nato
1685 2077 1833 2146 Christo.

146 2166 345 2319 :glannam
368 2165 618 2236 celeberrimum
638 2167 818 2275 Eulaeum,
849 2173 896 2237 ibi
929 2170 1043 2238 docuit
1064 2170 1132 2237 Da·
1382 2184 1391 2199 '
1554 2216 1610 2285 D„
1631 2218 1793 2285 doctrina,

1269 2337 1296 2404 1.
1339 2336 1503 2406 Doctrina
1524 2340 1567 2405 dc
1589 2339 1681 2406 dicto
1702 2338 1874 2406 Micheas:
1912 2335 1959 2401 lie
1987 2335 2169 2401 Betdleisem

148 2447 326 2531 m,
356 2450 434 2534 aa
464 2451 578 2550 oa
598 2479 680 2536 una
702 2479 757 2535 ex
778 2465 872 2537 eo
896 2450 1102 2566 mero
1145 2427 1738 2513 -
1776 2421 2168 2591 “intrantem

234 2595 451 2683 Respondeo.
495 2599 584 2673 Non,
613 2598 706 2688 Magi
729 2602 1029 2669 consideraverunt
1039 2596 1132 2668 illam
1182 2600 1336 2686 egressio
1367 2609 1421 2667 est
1452 2611 1531 2665 ante
1564 2599 1637 2666 dies
1665 2598 1790 2666 muudi.
1857 2597 1968 2665 David
1991 2597 2079 2664 enim
2101 2596 2169 2664 300

146 2679 283 2751 stellam
315 2705 383 2751 non
416 2704 494 2754 esse
526 2685 722 2773 simpliciter
754 2685 905 2769 stellam,
944 2689 1032 2755 sicut
1062 2685 1132 2755 alia
1181 2686 1278 2752 annis
1308 2684 1371 2752 init
1402 2697 1480 2752 ante
1501 2683 1687 2752 Micheam=
1721 2705 1804 2772 ergo
1833 2681 1985 2776 Micheas
2019 2681 2169 2772 loquitur

146 2767 271 2877 neus,
304 2771 365 2837 sed
391 2769 483 2879 allud
505 2774 672 2861 quiddam,
685 2775 782 2880 'quia
810 2774 966 2842 distantia
987 2775 1130 2852 indicat3
1181 2771 1224 2838 de
1244 2770 1304 2837 illo
1328 2793 1408 2839 vero
1430 2769 1579 2879 Mesola,
1612 2773 1670 2860 qui
1702 2773 1764 2839 erit
1794 2767 1854 2838 ille
1880 2771 2068 2859 promissus
2091 2792 2166 2853 rex,

145 2868 353 3009 awti
372 2872 954 3030 ttt‘attffltstastttin
975 2861 1131 3011 1ῗῶ
1180 2854 2168 3029 stillicidiiittiititastitiatt‘tit:

139 3037 232 3093 mem
252 3029 309 3094 dut
328 3031 472 3113 paredas.
516 3030 656 3100 Stellam
677 3047 866 3101 monstrare
893 3037 957 3101 iter
977 3055 1040 3121 per
1061 3036 1129 3102 dno
1178 3029 1240 3092 Ille
1260 3035 1404 3095 vanites
1421 3032 1616 3114 Bethlehem,
1634 3031 1703 3098 hoc
1725 3032 1804 3098 dicit
1837 3032 1881 3099 de
1913 3031 2065 3098 secunda
2082 3033 2167 3098 nati·

144 3113 297 3197 miliaria,
318 3122 567 3187 nonconaeuit
588 3117 698 3188 stellis
720 3122 960 3209 superioribus,
983 3122 1046 3190 sed
1066 3118 1129 3189 tait
1177 3118 1293 3207 uinta
1315 3120 1371 3207 qui
1389 3116 1484 3185 tollet
1504 3131 1678 3206 peccatum
1699 3131 1734 3186 et
1755 3129 1896 3184 mortem
1907 3164 1918 3198 ,
1951 3129 1987 3186 et
2013 3118 2168 3186 restituet

144 3200 758 3461 {uznllflssy’stletsgtlrtriusstdllditprilllllct
771 3291 956 3446 Allllum
983 3316 1053 3362 non
1079 3316 1129 3362 re·
1178 3202 1335 3443 {illm
1348 3207 1517 3445 MoldlerltE
1529 3217 1799 3444 {tillemrvllraclllffne¹
1821 3291 1985 3442 gentium?
2023 3289 2166 3444 [effetis

168 3394 191 3439 u
262 3394 388 3459 ,pour
423 3397 522 3443 eram
545 3396 834 3445 essecreaase
884 3424 893 3441 .
1193 3464 1201 3483 ι
1233 3396 1373 3445 cernere
1432 3399 1453 3444 a
1518 3397 1688 3484 agenore
1730 3396 2029 3483 omnum,scrrce
2092 3397 2165 3446 rae·

146 3458 1129 3655 demdigmfflutlebatlmozegdffinegrffimwganffi
1178 3460 1543 3654 htas’lsllrlltotlryelolrall
1560 3460 1979 3655 'ivrlmplodlehrlltltscoslacom
2010 3550 2054 3616 ad
2088 3547 2165 3617 illos

144 3634 1129 3803 maismacensisnimm
1178 3634 2165 3808 artuscensem,

144 3764 461 3896 summa’regimilra
481 3814 515 3877 in
538 3769 624 3880 ailla.
668 3772 860 3894 Baitdmcr’,
883 3813 1002 3894 idest,
1025 3813 1129 3880 domi·
1179 3743 1382 3876 advlnaesl
1404 3809 1604 3877 circumcisi.
1654 3811 1724 3874 Viri
1740 3810 1907 3892 velificet,
1935 3811 1971 3876 id
1997 3769 2063 3891 est,
2085 3809 2164 3876 Eth·
2206 3779 2211 3789 Ι

143 3910 210 3998 uus
228 3889 500 3999 militiaa,Bsc1‚
521 3898 556 3964 id
588 3910 653 3979 est,
682 3898 856 3978 dominns,
884 3901 980 3980 Sace,
1007 3899 1042 3965 id
1064 3911 1129 3979 est,
1178 3894 1245 3961 uici
1267 3898 1425 3964 conversi
1447 3898 1489 3962 ed
1512 3896 1699 3965 doctrinam
1719 3894 1908 3978 Ecclesiae,
1928 3895 1992 3964 sed
2013 3917 2081 3963 non
2100 3898 2164 3963 cir·

142 3975 270 4046 millite.
292 3979 374 4076 inde
394 3994 447 4049 est
466 3982 666 4053 Bellisarius
688 3981 938 4053 laudatissimus
958 3987 1129 4072 princeps.
1179 3984 1330 4050 cumcisi.
1374 3981 1476 4049 Tales
1497 3983 1560 4051 viri
1582 3980 1731 4071 religiosi
1753 3980 1888 4050 inerunt
1909 3995 1944 4050 et
1964 3984 2020 4050 isti
2042 3981 2145 4072 Magi.

143 4063 201 4132 Ah
223 4068 299 4153 quis
320 4065 421 4135 homo
441 4068 586 4138 festivus
608 4073 724 4139 derisit
749 4091 814 4138 nos
842 4072 904 4154 ita,
934 4073 988 4145 cni
1008 4085 1130 4159 postca
1286 4067 1351 4136 llic
1388 4070 1557 4137 discamus
1588 4067 1680 4136 illam
1714 4090 1923 4137 communem
1967 4071 2164 4150 doctrinam,
2240 4144 2241 4148 ,

144 4153 244 4219 Mam
267 4151 358 4221 oculi
379 4155 496 4224 etiossi
522 4158 695 4239 dicuntur,
727 4155 784 4226 vel
815 4179 858 4225 es
889 4155 1063 4240 alludens,
1091 4170 1130 4226 ut
1178 4154 1288 4223 Deum
1311 4153 1472 4245 colligere
1488 4154 1676 4223 Ecclesiam
1704 4178 1747 4222 ex
1770 4167 1841 4223 toto
1865 4176 1991 4245 genere
2014 4156 2162 4224 humano

144 4239 308 4325 reglutina
329 4260 371 4308 eo
392 4242 592 4349 reierantur,
605 4256 651 4351 ‘ut
671 4256 799 4350 tegam,
820 4247 935 4351 itrvent
956 4257 991 4313 et
1016 4247 1130 4314 delen-
1180 4244 1416 4323 contaminato,
1431 4255 1471 4347 et·
1487 4243 1520 4309 in
1544 4242 1754 4350 uinetissimo
1777 4243 1979 4329 turpissimis
1999 4243 2161 4329 peccatis.

145 4322 735 4417 dantnos,debentpr1nctpalrter
752 4351 881 4400 servus
926 4329 1032 4399 lorias
1052 4331 1128 4399 Dei.
1179 4327 1349 4417 Cogitate:
1383 4325 1491 4417 qualus
1562 4340 1587 4396 rt
1607 4350 1652 4417 po
1698 4328 1753 4397 lus
1775 4327 1903 4396 Rornae
1929 4331 1994 4397 sub
2015 4329 2162 4409 Nerone,

146 4407 280 4479 Otirua
302 4414 449 4481 definitio
470 4415 688 4506 Magistratus
708 4430 771 4525 est·
783 4420 873 4524 apud
957 4416 1128 4487 stotelem=
1178 4425 1344 4483 ettamen
1366 4415 1461 4483 Deus
1483 4413 1621 4504 collegit
1641 4417 1706 4484 sbi
1727 4413 1916 4499 Eccloeiam
1938 4436 1980 4484 ea
2001 4412 2061 4483 illa
2093 4428 2162 4482 tur·

140 4499 362 4667 &moabia
378 4503 468 4566 abdet
490 4523 557 4567 esse
578 4512 685 4569 canoa
706 4504 797 4589 lapse,
819 4513 903 4569 secut
929 4504 984 4569 ae
1010 4514 1058 4570 eet
1077 4527 1128 4575 sc·
1176 4502 1519 4657 pisslffitrgtassgim
1551 4588 1683 4656 habetis
1717 4589 1904 4657 dowinam
1930 4590 1974 4657 de
2002 4607 2161 4675 pem·

85 4710 111 4730 .-
232 4670 425 4757 Bethlem,
447 4676 482 4743 id
503 4688 568 4759 est,
589 4677 709 4747 domus
730 4679 840 4764 panis.
894 4676 1059 4761 Ephraim
1091 4676 1127 4746 id
1176 4673 1279 4744 tione.
1323 4673 1442 4743 Statim
1464 4687 1545 4742 nato
1566 4672 1702 4744 Christo
1719 4673 1886 4745 Diabolus
1917 4675 2074 4743 fortassis
2107 4694 2160 4742 sn·

144 4768 211 4839 est,
231 4756 411 4842 loeoanda,
433 4759 562 4834 fertilis.
585 4763 648 4833 llla
668 4784 749 4852 pers
769 4762 831 4832 init
852 4767 1011 4834 attributa
1032 4766 1128 4853 stirpi
1177 4762 1328 4848 apicatur
1338 4760 1605 4831 esseMessiam:
1626 4763 1703 4831 ideo
1720 4758 1855 4830 molitur
1865 4764 1895 4830 ei
1909 4759 2053 4829 exilium.
2080 4759 2160 4830 Non

140 4842 257 4913 lassae
274 4843 414 4928 [ludael.
1047 4883 1050 4887 ,
1177 4859 1232 4916 est
1251 4846 1330 4915 milri
1351 4849 1460 4916 minas
1482 4847 1700 4931 miraculum,
1733 4849 1826 4938 quod
1846 4848 1954 4916 Maria
1974 4848 2098 4916 mansit
2113 4849 2159 4916 lu·
2182 4926 2185 4931 ,

140 4932 531 5105 Asgeffitztffi
551 4935 784 5093 mna
815 4956 894 5006 esse
924 4934 1016 5006 iacta
1037 4957 1126 5007 anno
1176 4930 1614 5092 ffifallfflfflw
1633 4932 1709 5004 illes
1728 4937 1894 5025 pessimas
1912 4948 2043 5024 gentes,
2059 4955 2159 5024 quam

1645 1907 1755 1972 ibitus.
1806 1904 1885 1973 Nou
1912 1916 2041 1973 tantum
2067 1904 2169 1975 ltomi·
2235 1921 2245 1930 ·
