4620 5588
133 187 200 255 ars
820 176 1039 247 rosanus
1061 174 1469 247 metamucense„
1526 197 1530 205 ·
1668 240 1671 247 ,
2092 178 2159 267 ste

133 376 386 463 conspiciuntur
407 372 612 467 testimonia,
635 371 727 459 qnod
748 365 846 437 Deus
873 368 988 455 puniat
1016 366 1119 435 bond-
1225 348 1227 352 ⁸
1258 365 1437 433 Discentus
1466 366 1568 455 iglnrr
1595 364 1706 435 Deum
1740 387 1807 434 uon
1840 387 1967 435 essen
2051 352 2176 436 torem

134 466 232 545 cidia,
253 465 344 529 iaxta
367 458 657 539 comminationem
704 459 766 537 (lat
782 456 929 539 alodiam
948 454 1120 541 acccpait,
1171 472 1414 541 personarum,
1446 451 1691 545 exsuscitamus
1722 473 1788 527 nos
1826 473 1960 542 quoqne
1992 452 2093 523 iiam
2123 455 2160 523 lu

129 554 241 637 eladio
263 551 398 636 potiit
448 546 547 613 Item:
596 546 658 625 oui
685 546 813 628 fiodali
843 544 1017 612 emmona
1046 562 1120 611 aare
1172 540 1283 619 nobis,
1312 541 1498 627 cogitemus
1526 540 1785 627 promissionem
1812 536 2055 607 universalemr
2100 542 2159 627 ¹Va·

128 644 274 724 autaem,
298 637 459 720 siradeiar
486 638 619 717 empuis
640 639 710 699 citer
727 652 790 717 per
809 631 975 698 bominem
1018 628 1121 696 lnter·
1170 633 1237 694 nde
1257 630 1304 695 ad
1321 646 1375 697 me
1389 641 1523 697 'ammte
1545 638 1698 713 petamus
1718 622 2160 715 etexpectemusauxillnm,

132 724 211 830 itur·
225 722 413 791 Pharaonis
445 730 499 819 est
527 719 770 826 testimonium,
802 718 903 823 pund·
916 712 1012 783 Deus
1040 715 1121 822 nolit
1170 710 1342 821 luctemur,
1357 736 1433 782 cnm
1455 714 1667 822 dubitatione.
1713 708 1904 820 Statuamus
1926 712 1969 781 ad
1990 733 2056 793 uas
2078 734 2161 803 qne

131 802 844 973 ii*tt,iiiiiiiiiiitisit,
861 800 1122 977 nitidi
1172 821 1237 954 ff?
1255 798 2159 976 iiiiii,lititiiiiitittifizit⁰iiet
2288 890 2290 895 =

134 995 168 1051 et
189 919 303 1051 dulcia
325 983 515 1053 testimonia
532 980 800 1067 promissionum,
821 975 1019 1065 quodDeus
1042 973 1123 1044 velit
1173 972 1375 1045 benefacere
1397 971 1665 1063 confugientibus
1686 974 1731 1041 ad
1748 994 1798 1042 se.
1832 973 1902 1043 Sed
1923 972 2038 1042 obiicit
2058 974 2159 1043 ratim
2250 1036 2252 1040 Α

135 1070 260 1139 adesse
281 1066 470 1148 Ecclesiae,
494 1079 528 1133 et
547 1087 687 1135 servare
706 1062 810 1132 illam·
1261 1096 1355 1166 Dm
1375 1117 1441 1165 ,ψη
1463 1099 1521 1163 (tat
1540 1102 1721 1180 ceparum
1741 1098 1885 1164 midae
1901 1099 1987 1165 dena
2006 1115 2160 1180 terpora·
2274 1154 2278 1162 -

219 1151 280 1222 Ad
295 1174 397 1260 '‘luflm
419 1154 690 1260 lif⁰l¹¹if⁸f⁰¹¹⁰¹¹¹r
721 1163 754 1219 ⁰²
786 1153 835 1256 fd,
865 1151 959 1256 (19⁰³,
983 1169 1122 1237 flam·
1302 1186 1406 1252 ralia:
1433 1193 1470 1250 ut
1490 1187 1663 1250 cremarat
1685 1186 1856 1263 misniae,
1881 1186 2000 1256 morbi,
2030 1192 2161 1269 tertiat

133 1251 381 1333 ptumpertunet
400 1239 468 1309 boc
490 1238 686 1309 miraculum
696 1234 1123 1325 mnlilpbcatrontspanam‚
1196 1270 1199 1275 ·
1303 1276 1475 1338 mmm
1491 1276 1591 1337 em,
1606 1272 1643 1336 g„
1664 1276 1738 1355 φρ,
1758 1272 1922 1338 Exim

134 1330 255 1418 quibus
352 1328 437 1394 citur
466 1339 560 1394 tanta
587 1324 763 1394 multitudo
792 1325 1002 1412 sequentium
1029 1320 1123 1391 ciri-
1261 1360 1348 1441 Μ’,
1370 1364 1603 1442 prmum
1624 1366 1659 1424 ,p
1682 1362 1834 1442 ,mpla
1859 1362 1990 1426 guam
2019 1364 2161 1441 mpu-

133 1416 247 1485 stuml
321 1416 504 1500 espondeo.
556 1412 631 1479 Hoc
663 1409 859 1480 miraculum
887 1422 941 1478 est
974 1412 1123 1477 testimo·

134 1502 224 1571 ulum
246 1498 335 1567 illius
361 1502 612 1588 promissionis:
655 1503 729 1569 Neri
756 1506 820 1567 erit
843 1498 958 1583 tarpio
984 1502 1124 1565 tinenti-
1303 1451 1433 1513 mm
1454 1464 1520 1512 ”⁰⁸
1538 1450 1706 1530 Μ
1726 1447 1776 1512 “d
1792 1462 1911 1513 Μ’·

132 1590 193 1659 des
215 1592 395 1656 Dominam.
425 1585 518 1670 ltem,
537 1586 681 1672 pertinet
702 1587 747 1653 ad
768 1586 959 1652 nrandatum
983 1581 1123 1651 Christi:
1259 1580 1475 1670 Respondoo.
1524 1582 1670 1649 Primum
1701 1582 1944 1651 discernendae
1975 1595 2053 1651 sunt
2083 1603 2161 1671 pro·

137 1678 290 1757 Quaerite
332 1680 476 1760 oriretur
508 1694 644 1759 regnan
670 1673 752 1758 Dei,
790 1680 823 1740 et
857 1677 1015 1739 auditam
1043 1676 1123 1754 etas,
1174 1669 1363 1751 missiones,
1387 1690 1526 1757 quamrm
1547 1668 1635 1737 aliae
1656 1681 1734 1737 suut
1755 1666 1962 1755 spirituales,
1982 1669 2070 1739 eliae
2087 1691 2160 1739 cor·

126 1772 167 1831 -ei
191 1771 331 1845 ,cmtera
355 1760 563 1829 'adlicientur
600 1762 704 1828 eodm:
738 1761 772 1826 id
805 1768 868 1839 est,
901 1768 981 1825 aute
1013 1757 1123 1823 omnia
1198 1754 1322 1823 orales.
1366 1756 1461 1832 Quae
1482 1768 1536 1825 est
1557 1754 1735 1843 promissio
1761 1755 1964 1842 spiritualisi
2008 1754 2161 1845 Respon-

119 1884 121 1888 >
133 1849 285 2004 pararito
307 1848 492 1914 doctrinam
514 1840 704 1934 Evangelii,
727 1857 761 1914 et
788 1842 955 1931 incipiatis
985 1844 1122 1927 obedire
1174 1779 1197 1909 3

1197 1865 1251 1911 eo.
1280 1840 1470 1931 spiritualis
1491 1844 1669 1933 promissio
1691 1842 1920 1931 principaliter
1941 1856 1996 1911 ost
2016 1845 2159 1931 promie-

163 1932 332 2023 vangello.
384 1933 459 2001 Hoc
485 1928 675 2002 mandatum
697 1930 764 2001 Del
792 1945 845 2003 cst
871 1928 1124 1999 anteferendum
1174 1930 1227 1997 sio
1260 1928 1542 1998 reconciliationis
1579 1940 1613 1996 ot
1644 1932 1773 2019 gratiae
1804 1945 1839 1998 et
1871 1932 1959 1999 vitae
1990 1943 2159 2001 satanae.

135 2023 290 2091 omuibus
323 2023 428 2087 rebus
455 2020 623 2087 humanis.
667 2019 828 2096 Quodsi
860 2019 1043 2086 obieceris:
1086 2016 1126 2084 Si
1175 2016 1268 2086 llaec
1289 2018 1467 2104 promissio
1489 2015 1676 2105 aequaliter
1697 2020 1850 2085 omnibns
1872 2016 1971 2086 offert
1992 2016 2160 2107 cernimin-

134 2113 265 2181 reltiero
287 2115 412 2176 cereae
433 2108 626 2193 ministerio,
647 2127 706 2175 ero
735 2127 883 2193 parom,
910 2114 1123 2190 emtenaptttr,
1174 2125 1251 2172 nem
1272 2117 1500 2189 peccatorum,
1521 2116 1555 2170 et
1576 2116 1711 2172 caetera
1734 2108 1823 2173 bona
1843 2116 1999 2183 aeterna,
2020 2115 2054 2171 et
2074 2104 2161 2172 haec

109 2206 201 2262 ·etc.
255 2193 340 2260 Huic
373 2194 553 2261 obiectioni
589 2194 772 2300 respondet
804 2191 978 2274 Christus,
1010 2192 1124 2258 addita
1175 2193 1353 2278 promissio
1384 2204 1436 2257 est
1462 2212 1540 2257 rara
1573 2204 1606 2257 et
1637 2189 1732 2257 firma
1765 2194 1838 2258 sine
1871 2188 1940 2257 ulla
1969 2193 2160 2259 conditione

137 2283 378 2367 promissiones
426 2283 565 2349 Caetera
585 2284 781 2348 adimiretur
802 2282 897 2347 rabia
938 2281 1008 2347 Scit
1023 2287 1124 2363 pater
1176 2290 1314 2345 nostrae
1347 2280 1380 2344 di
1406 2278 1535 2358 nitatis,
1569 2290 1602 2343 et
1633 2288 1687 2343 est
1719 2291 1890 2345 aeternum
1924 2290 1959 2343 et
1982 2281 2160 2358 ‚immotam

135 2377 243 2436 aeria
261 2372 417 2452 caelenis
438 2371 526 2453 quoti
544 2388 626 2451 opas
646 2367 794 2435 babeatis
807 2365 859 2435 lab
876 2368 1031 2435 amiatae.
1065 2363 1124 2430 Sic
1175 2367 1365 2431 mandatum
1422 2367 1471 2445 ei,
1493 2374 1530 2431 ut
1551 2375 1692 2452 agentes
1720 2366 1955 2449 poenitentiam
1984 2364 2161 2433 credamus

137 2453 218 2523 alibi
241 2454 377 2521 dicitur:
422 2456 487 2533 Oai
507 2454 677 2538 reticuerit
696 2461 826 2539 patrem
847 2462 881 2519 et
901 2462 1046 2530 inanem,
1068 2460 1127 2517 atti
1175 2470 1239 2519 uos
1268 2452 1370 2536 recipi
1393 2460 1426 2515 ct
1453 2450 1574 2517 remitti
1601 2450 1699 2517 nobis
1732 2462 1883 2537 peccata.
1934 2446 2161 2538 Singulista·
2212 2518 2218 2527 ,

136 2544 248 2610 domos
269 2550 304 2608 et
322 2560 423 2623 aaron
432 2548 570 2625 proper
591 2561 652 2629 mc,
675 2540 1008 2625 recipietceataptten
1025 2543 1125 2605 etiam
1176 2549 1270 2604 tuere
1293 2536 1432 2618 debent,
1454 2537 1518 2604 sibi
1541 2536 1718 2623 conversis
1740 2539 1785 2607 ad
1805 2536 1928 2619 Deum,
1950 2536 2024 2606 dari
2043 2538 2160 2605 remis·

136 2630 173 2697 ia
193 2631 256 2695 bac
276 2634 351 2701 oiim
374 2630 436 2694 red
453 2647 525 2694 cam
547 2628 761 2695 anuntiare.
1175 2624 1304 2691 sionem
1326 2634 1551 2710 peccatorum
1937 2688 1941 2695 ,
2068 2680 2071 2685 ,

223 2712 295 2781 llas
325 2724 359 2779 et
393 2710 519 2779 similes
553 2714 794 2801 promissiones
828 2712 1003 2780 confirmat
1032 2707 1125 2777 Chri·
1263 2708 1588 2801 llocnecesserium
1609 2721 1644 2778 et
1663 2712 1963 2787 summumbonurn
1978 2704 2161 2798 aequaliter

138 2810 212 2868 stus
243 2799 310 2866 boc
342 2796 522 2881 miraculo,
554 2809 591 2893 at
622 2796 753 2868 scilicet
786 2798 1012 2905 conspiciatur
1049 2817 1125 2865 aum
1177 2796 1314 2867 offertur
1335 2798 1561 2879 omnibus,et
1581 2800 1681 2866 detra
1702 2799 1869 2867 universis
1890 2795 2089 2885 acsingulis
2104 2808 2161 2865 ae·

138 2882 225 2957 velle
247 2896 439 2971 sustentare
471 2899 505 2955 et
527 2907 733 2960 conservare
753 2882 953 2961 Ecclesiam.
1176 2885 1206 2953 ci
1231 2884 1375 2953 ‘entibus
1397 2884 1483 2961 fidet
1514 2885 1603 2959 sicut
1624 2897 1791 2959 testantur
1811 2885 2008 2953 aaronica
2025 2884 2160 2953 miver-

130 2976 134 3053 ζ
223 2972 283 3057 lsti
307 2970 462 3061 homines
496 2985 691 3041 manserant
714 2995 790 3051 cum
818 2970 951 3039 Christo
975 2991 1038 3058 per
1065 2967 1125 3037 ali·
1175 2993 1195 3039 s
1231 2973 1239 2992 ⁰
1269 2995 1280 3038 r
1308 2973 1437 3041 Imtiiia
1455 2975 1521 3053 Dei
1540 2979 1706 3043 metatur
1732 2980 1768 3041 in
1809 2977 1819 2998 ’
1898 2977 1960 3041 ato
1980 2979 2016 3039 tn
2035 2991 2160 3052 manu,

160 3068 220 3149 not
242 3060 326 3141 dies,
349 3060 547 3127 audiverant
568 3081 644 3128 eum
666 3060 854 3139 docentem,
872 3070 968 3126 erant
986 3078 1061 3125 cum
1083 3077 1125 3123 eo
1176 3071 1323 3146 simper
1338 3080 1459 3143 maaca
1480 3064 1691 3146 Μανθάνω,
1705 3059 1847 3129 Roman.
1882 3108 1891 3130 .
1925 3061 2022 3131 item:
2046 3064 2162 3133 drmit

138 3079 431 3228 frDalmanutha,
453 3147 486 3212 iu
509 3148 609 3213 domo
623 3167 821 3253 pauperum,
844 3144 1035 3224 indeserto,
1057 3164 1124 3211 non
1177 3148 1233 3231 pai
1254 3154 1449 3215 moocaoerii
1466 3167 1581 3215 amieo
1607 3151 1748 3228 Danant,
1779 3154 1889 3217 aalma
1909 3156 1981 3219 erit
2029 3146 2161 3221 Eileoi>

138 3230 308 3301 habebant
329 3233 464 3304 victum,
492 3254 559 3301 non
587 3230 654 3301 alra
674 3232 841 3319 praesidia
862 3232 1024 3310 humana,
1046 3230 1126 3297 incl·
1177 3246 1230 3300 est
1252 3245 1422 3299 aeternum
1444 3244 1691 3314 testamentum,
1724 3237 1814 3321 quod
1846 3249 2009 3322 perpetuo
2042 3247 2096 3302 est
2128 3247 2161 3304 ot

138 3319 276 3409 plebani
297 3320 438 3400 esurire,
462 3317 739 3405 periclitabantur
760 3320 804 3385 de
831 3320 917 3391 vita,
945 3319 1007 3384 sed
1032 3331 1124 3385 satu·
1177 3331 1287 3385 manat
1308 3332 1431 3398 ratum,
1460 3321 1562 3386 etiarn
1583 3322 1719 3389 amissis
1741 3322 1895 3390 omnibus
1918 3323 2017 3389 bonis
2038 3343 2159 3408 corpo·
2258 3346 2261 3350 ’

141 3420 258 3474 rantur
290 3403 502 3485 mirabiliter,
550 3418 584 3473 et
623 3407 828 3473 obmittantur
859 3402 1047 3471 incolumes
1080 3404 1125 3471 ad
1176 3404 1319 3486 ralibus3
1364 3407 1451 3472 siout
1484 3404 1605 3489 David,
1631 3410 1751 3474 retinet
1780 3408 1870 3485 lianc
1902 3410 2160 3495 promissionem

139 3513 234 3561 suos·
287 3490 337 3558 lta
376 3490 514 3598 reliquis
548 3495 645 3559 etiam
677 3492 886 3580 temporibus
914 3490 1010 3559 Deus
1040 3511 1127 3585 voce,
1176 3495 1322 3580 graciam
1359 3496 1538 3560 Transtulit
1557 3499 1719 3562 Deoniana
1746 3517 1769 3562 a
1800 3505 1832 3563 te
1856 3506 2025 3581 ceccaum
2051 3505 2158 3582 iteam3

139 3575 314 3666 Evangelii
345 3576 473 3667 colligit
505 3579 568 3646 sibl
602 3582 730 3665 passim
760 3576 963 3657 Ecclesiam,
992 3589 1026 3645 et
1052 3574 1124 3645 vult
1167 3586 1210 3645 'at
1231 3600 1273 3646 ee
1293 3591 1460 3645 sustentat
1483 3600 1523 3645 se
1544 3582 1578 3646 in
1600 3578 1697 3646 exilio
1721 3592 1754 3646 et
1775 3583 1809 3646 iu
1829 3582 1968 3648 summis
1991 3580 2157 3669 periculis.

138 3663 236 3739 banc,
259 3686 460 3753 quamquam
480 3662 683 3752 languidam,
706 3676 739 3730 ct
756 3667 878 3731 misere
894 3660 1124 3743 deformatam,
1175 3666 1233 3733 stc
1255 3677 1290 3732 et
1311 3664 1369 3732 lob
1392 3667 1513 3752 inquitt
1537 3671 1676 3735 Eiianm
1694 3671 1849 3736 occiderit
1869 3689 1934 3750 me,
1957 3678 2064 3737 mmor
2085 3690 2158 3755 spe·

137 3771 292 3840 pascere,
313 3762 513 3833 sustentare,
540 3750 731 3831 defendere,
753 3764 788 3817 et
809 3771 948 3818 serrare
969 3747 1123 3817 mirabili·
1174 3756 1255 3820 rado
1275 3759 1311 3819 io
1330 3773 1387 3820 eor
1418 3753 1452 3818 id
1474 3764 1546 3833 ast,
1575 3756 1724 3821 retinebo
1746 3753 1844 3820 fidem
1866 3755 2157 3839 reconciliationis,

139 3848 200 3920 ter,
223 3839 315 3904 iuxta
338 3838 475 3905 dictumr
518 3841 586 3921 Epo
605 3839 689 3922 feci,
717 3857 775 3920 eac
801 3841 949 3923 portabo,
972 3844 1067 3913 edam
1088 3845 1123 3903 ta
1175 3850 1209 3905 et
1264 3838 1381 3918 retiae,
1412 3851 1456 3905 et,
1473 3841 1685 3925 ‚spemvitae
1707 3854 1882 3921 aeternae,
1910 3844 2041 3913 etiamsi
2060 3845 2154 3911 amit·

137 3934 270 3993 carecta
291 3928 512 4009 oquacitate,
534 3934 569 3992 et
586 3925 726 3992 inuade.
1174 3861 1275 4007 tenfa
1294 3927 1342 3991 sit
1363 3924 1448 3993 lineo
1469 3928 1538 3992 vita
1560 3925 1759 4014 corporalis.

224 4009 336 4076 Tertia
359 4031 481 4077 caussa
503 4021 571 4077 est:
613 4008 777 4077 liliracula
794 4022 871 4076 sunt
893 4007 1043 4096 exempla
1064 4030 1122 4096 ap·
1261 4011 1337 4079 Hoc
1368 4026 1421 4079 est
1452 4034 1535 4100 ergo
1569 4016 1707 4099 primum
1746 4032 1855 4102 genus
1888 4015 2157 4100 promissionum,

159 4092 329 4164 llcationis
360 4096 629 4183 promissionum.
685 4094 781 4163 lilr'ulti
814 4100 978 4185 cogitant:
1027 4095 1121 4163 Deus
1173 4120 1260 4187 quac
1280 4101 1416 4185 proprie
1438 4101 1648 4166 nominantur
1670 4099 1908 4188 Evangelicee,
1938 4115 1971 4168 et
1991 4106 2072 4170 novi
2092 4102 2156 4171 'fe-

172 4183 369 4270 cit'quidem
391 4183 552 4269 nriracula
579 4186 610 4249 in
633 4181 800 4264 Ecclesia,
827 4185 888 4249 sed
915 4179 974 4249 illa
999 4179 1122 4250 fortas·
1171 4188 1337 4253 stramenti.
1674 4242 1677 4247 .
2280 4264 2283 4269 .

138 4268 186 4334 sis
208 4281 288 4335 sunt
310 4267 485 4357 privilegia
506 4270 607 4336 certis
628 4269 820 4341 homiuibus
841 4288 1017 4350 concessa,
1034 4290 1121 4356 quaa
1259 4272 1383 4338 Postea
1409 4268 1499 4337 alind
1527 4280 1580 4336 est
1602 4292 1708 4358 genus
1731 4273 2002 4359 promissionum,
2024 4273 2156 4345 scilicet

138 4375 205 4421 non
232 4357 454 4423 extenduntur
483 4357 526 4423 ad
552 4354 657 4434 alios3
685 4356 814 4423 etiamsi
841 4357 896 4422 isti
925 4368 1121 4442 pascuntur,
1173 4358 1336 4426 debonis
1358 4356 1611 4443 temporalibus:
1646 4359 1720 4426 ldae
1740 4373 1821 4429 sunt
1841 4357 1984 4449 legales,
2016 4374 2051 4431 et
2076 4363 2180 4431 saut'

140 4454 247 4508 tamen
280 4463 334 4509 me
365 4441 454 4509 forta
486 4463 554 4509 non
589 4439 658 4509 vult
690 4464 832 4528 pascere
859 4439 966 4508 Deus.
1010 4442 1121 4508 David
1171 4465 1302 4512 merces
1316 4446 1387 4510 ‘seu
1407 4446 1557 4530 praemia
1578 4447 1741 4512 bonorum
1763 4468 1912 4533 operum.
2261 4460 2266 4467 '

139 4529 311 4595 restitutus
332 4540 385 4594 est
405 4531 449 4595 ab
472 4526 587 4609 exilio,
616 4531 678 4595 sed
707 4552 760 4595 nra
780 4527 937 4596 fortassis
957 4550 1026 4594 non
1048 4526 1121 4595 vult
1258 4531 1383 4597 Haram
1406 4532 1613 4597 conditiones
1636 4543 1733 4614 sunt,
1767 4536 1856 4619 quod
1877 4533 1973 4602 Deus
1999 4554 2069 4601 non
2097 4536 2155 4602 dat

137 4610 232 4699 Deus
264 4612 409 4682 liberare
441 4634 484 4681 ea
516 4614 599 4705 meis
626 4611 881 4683 calamitatibus.
935 4612 1029 4682 Haec
1069 4627 1121 4683 est
1172 4618 1290 4685 eodem
1311 4617 1411 4684 modo
1433 4620 1522 4685 bona
1552 4617 1741 4705 corporalia
1772 4622 1946 4700 omnibns,
1979 4633 2013 4689 et
2041 4634 2154 4691 tamam

138 4702 323 4767 communis
344 4701 500 4782 tentatio,
528 4715 768 4791 contraquam
791 4700 1120 4769 consolarinosde
1172 4706 1229 4771 dat
1250 4701 1392 4790 singulis
1420 4702 1533 4790 aliqua
1555 4707 1662 4786 bona,
1695 4707 1823 4775 etiamsi
1852 4707 1925 4775 vult
1944 4708 1978 4772 in
1999 4708 2052 4775 bis
2073 4728 2154 4779 esse

138 4786 218 4854 bant
238 4785 391 4876 exempla
416 4786 669 4867 miraculorum,
698 4810 784 4876 quae
811 4790 993 4856 ostendant
1019 4790 1121 4857 nemi-
1171 4788 1482 4873 dissimilitudinem,
1504 4792 1598 4858 iuxta
1621 4793 1744 4860 dictum
1767 4791 1974 4861 Salomonis:
2001 4792 2157 4873 Hiemi

96 4940 99 4946 .
136 4892 212 4941 neon
242 4871 487 4963 confugientem
520 4876 565 4942 ad
588 4872 769 4955 Christum,
798 4886 833 4941 et
859 4886 1026 4963 petentem
1048 4876 1120 4942 eius
1166 4897 1296 4963 parper
1312 4881 1461 4946 dalmat
1478 4880 1586 4955 cimai,
1609 4879 1745 4947 etDear
1763 4885 1849 4964 facit
1866 4890 2045 4965 arimatia.
2070 4881 2153 4953 liam

137 4979 236 5046 opem
264 4961 298 5026 lu
326 4981 526 5048 quacunque
551 4962 771 5039 necessitate,
800 4960 972 5048 repulsum
998 4959 1120 5030 fuisso:
1169 4977 1385 5050 praestantur
1411 4964 1478 5032 hae
1498 4967 1740 5050 promissiones
1762 4987 1838 5035 cnm
1858 4971 2055 5055 exceptione
2076 4992 2152 5039 cru·

135 5047 199 5112 sed
219 5059 376 5133 receptos
398 5060 432 5115 et
453 5050 584 5115 adiutos
607 5048 725 5130 fuisse,
747 5060 912 5136 quotquot
924 5048 989 5117 lide
1006 5061 1121 5135 postu·
1170 5052 1221 5123 cis
1242 5064 1277 5118 et
1298 5053 1539 5139 castigationis,
1554 5063 1602 5119 ¹et
1630 5064 1741 5121 manen
1768 5066 1848 5121 suut
1872 5074 1974 5122 rarae
1994 5076 2037 5124 ao
2058 5068 2152 5125 retae

135 5127 247 5203 lerant
267 5134 376 5222 ipsius
397 5133 571 5203 beneficia
1170 5139 1234 5207 totl
1255 5140 1391 5227 corpori
1411 5136 1599 5217 Ecelmiae.
1888 5161 1892 5167 ·

1764 5238 1767 5243 ’
1891 5258 1948 5318 tt·
