4620 5588
1620 34 1636 81 Ι

94 272 100 285 .
165 218 232 290 err
570 164 573 171 ¹
807 214 1547 289 enmumscaurrrrruomrca
2119 215 2190 287 sa

167 408 238 479 non
258 412 454 479 necessario
465 408 522 479 vel
532 406 766 479 universaliter
775 408 1021 479 tolluntureum
1038 405 1154 495 culpe:
1201 407 1288 473 arari
1307 407 1430 488 rubro,
1457 417 1573 474 servat
1597 407 1674 474 sine
1695 408 1830 476 sensns
1851 407 2032 487 modist
2051 407 2188 496 qundo

166 495 348 586 ntqumm
370 499 577 596 mitigantur,
604 495 785 586 aliquando
815 498 949 564 omnino
978 493 1151 564 tolluntur.
1202 490 1319 559 hloses
1340 494 1483 580 peroudt
1504 505 1645 581 petram,
1667 505 1702 561 at
1730 505 1907 582 erumpunt
1933 512 2062 582 aquae,
2087 496 2123 562 id
2147 494 2189 562 bt

167 580 265 652 Deus
286 581 360 651 vult
380 604 445 650 nos
467 586 642 652 subiectos
670 603 747 651 esse
773 585 866 651 cruci
892 597 1033 671 propter
1059 583 1152 648 insti·
1203 579 1449 667 sine,preetar,
1466 592 1501 646 et
1522 591 1617 646 extra
1639 598 1781 648 caussas
1802 580 1985 649 secundas.
2018 579 2189 648 Sioetieur

168 672 249 739 tlam
270 671 450 757 politicam.
495 669 590 738 Deus
612 681 728 738 servat
748 670 839 737 hunc
861 671 1028 747 ordinent
1057 681 1095 736 nt
1121 668 1153 734 si
1200 684 1266 732 uos
1295 685 1400 752 saepe
1429 664 1625 733 mirabiliter
1656 686 1852 748 mamus,
1886 677 1921 734 et
1952 665 2189 736 antvmahter

168 759 245 911 fluis
268 757 400 825 occidat
421 755 535 840 alium,
557 777 676 825 rursus
699 758 896 824 subiiciatur
917 777 1058 842 poenae.
1101 753 1149 821 iu·
1202 749 1358 818 Ecclesia
1379 750 1573 820 mirabiliter
1593 764 1748 822 servatur
1768 755 1857 821 inter
1880 754 2020 821 udum
2040 751 2191 836 Diaboli,

193 863 235 909 ex
256 844 358 910 debet
378 840 493 911 iacere
514 864 611 911 suum
624 836 800 923 ‘officinm
826 843 956 910 etiamsi
976 841 1072 909 Deus
1099 860 1151 907 re-
1202 850 1238 904 et
1257 840 1345 904 inter
1365 839 1480 907 ruinas
1511 840 1639 907 mundi:
1672 841 1762 927 quod
1796 841 1928 908 dehetis
1956 841 2189 909 considerare:

98 950 105 965 ·
168 931 268 999 mittit
289 927 431 1016 culpam.
475 928 586 997 David
603 927 704 996 habet
725 930 956 997 remissionem
973 925 1092 1014 culpae
1117 939 1153 994 et
1202 934 1241 991 ut
1271 944 1341 991 uon
1372 926 1531 1012 impediet
1561 927 1808 993 invocationem
1839 939 1990 994 vestram
2025 946 2069 997 co

169 1018 289 1083 mortis
309 1027 481 1084 aeternae:
506 1014 602 1082 Deus
630 1028 740 1083 tarsen
767 1035 842 1082 aum
866 1035 977 1104 regno
1071 1010 1153 1094 ellit,
1202 1007 1270 1079 illa.
1315 1010 1392 1077 Non
1413 1022 1558 1096 possunt
1578 1011 1663 1079 heac
1683 1014 1818 1081 mutarit
1835 1013 2068 1101 quidinvoces
2106 1011 2189 1080 illae

168 1113 204 1169 et
235 1099 439 1169 horribiliter
455 1101 578 1168 David.
599 1103 790 1182 cureiatnr,
823 1103 885 1168 sed
917 1115 1029 1170 tamen
1090 1119 1152 1168 ens
1202 1096 1366 1187 physicae
1388 1099 1633 1186 cogitatiomsss
1665 1110 1701 1166 ei
1727 1100 1919 1188 lmsslmiit)
1951 1101 1996 1165 (10
2027 1096 2189 1167 iflldlbffl

168 1185 251 1254 lenit
271 1210 425 1274 poenam.
468 1188 555 1255 Nam
576 1191 705 1255 sanctis
721 1188 913 1277 mitigantur
923 1208 1065 1276 poenae,
1075 1185 1152 1253 aliis
1203 1186 1349 1266 caussis,
1369 1196 1424 1251 est
1445 1204 1603 1273 magnum
1622 1186 1667 1252 im
1733 1188 1891 1254 imenturn
1911 1189 1946 1253 in
1962 1187 2189 1266 invocatione,

167 1273 287 1344 aliterr
310 1286 358 1356 ut,
368 1272 482 1341 David
503 1274 690 1343 restituitur
709 1276 744 1342 iu
765 1296 919 1362 regnum,
937 1287 972 1343 et
987 1276 1022 1341 in
1042 1294 1153 1363 poena
1204 1273 1339 1359 qunrdo
1361 1272 1568 1359 cogitamust
1596 1274 1653 1359 qui
1696 1272 1859 1340 invocari
1878 1269 1941 1340 llis
1965 1292 2036 1352 nou
2060 1283 2189 1340 mutau-

168 1363 275 1428 sensit
297 1358 572 1428 consolationem
1203 1368 1259 1424 tur
1279 1370 1417 1512 (Ἴων
1438 1368 1497 1423 tua
1528 1379 1719 1439 murmura,
1738 1371 1891 1446 ‘propter
1922 1370 2000 1427 tuos
2032 1360 2191 1447 gemitus.

1203 1442 1327 1511 huam
1364 1454 1399 1509 ta
1418 1455 1587 1511 mutantur
1671 1456 1746 1533 pter
1774 1456 1851 1514 tuos
1876 1448 2020 1534 gemitus
2041 1458 2077 1512 et
2097 1446 2189 1513 iuro·

1631 1467 1671 1513 ro

1203 1532 1382 1598 cationmm
1426 1530 1499 1592 Dos
1530 1534 1574 1594 ta
1604 1468 1665 1594 lo·
1685 1539 1767 1596 (νεα
1798 1531 1897 1601 locus
1928 1533 1973 1599 de
2002 1529 2189 1601 Hiracul‘ra

418 1548 482 1617 Ex
503 1549 612 1616 ALIA
633 1547 906 1641 RHAPEOM
1204 1614 1383 1685 Secundus
1403 1615 1502 1684 locus
1522 1617 1737 1725 principalis,
1758 1631 1812 1686 est
1839 1617 2057 1705 reprehensio
2083 1618 2191 1686 caeci·

255 1703 420 1772 Diderunt
452 1701 625 1794 Paralysin
658 1718 692 1772 et
723 1705 756 1771 A
779 1705 922 1792 oplerria.
969 1705 1154 1790 Apoplceio
1175 1710 1181 1771 Ι
1203 1704 1283 1770 tatis
1293 1702 1564 1785 Pharisaeorum,
1581 1727 1638 1793 qur
1659 1725 1802 1792 prorsus
1824 1707 2065 1793 ignomverunt
2084 1715 2192 1772 totam

167 1802 221 1858 est
240 1792 378 1858 amissio
402 1811 526 1859 sensus
548 1806 582 1859 et
602 1802 713 1859 motus
736 1727 814 1855 ola.
835 1794 869 1859 in
891 1793 1054 1878 principio
1077 1813 1153 1859 ner·
1175 1810 1181 1915 Ι
1205 1790 1390 1856 doctrinam
1422 1791 1466 1856 de
1496 1791 1695 1859 remissione
1726 1805 1962 1878 peccatorum
1993 1789 2192 1859 deleverunt

160 1898 299 1945 rorum:
321 1877 389 1954 Ubi
410 1890 521 1945 autam
542 1897 665 1947 seusus
688 1890 722 1943 et
743 1891 854 1947 motus
877 1881 1059 1955 cessat,ibi
1075 1899 1154 1946 mox

166 1962 268 2031 homo
301 1966 515 2053 extinguitur.
563 1963 735 2050 Pactyen
767 1978 819 2032 ast
850 1967 987 2034 amissio
1020 1966 1154 2053 pirtutit
1206 1963 1312 2027 &cdo
1338 1965 1549 2026 restrictiores
1569 1973 1783 2046 peccatorum
1829 1963 1955 2032 Coche
1980 1961 2030 2030 illi
2057 1965 2192 2032 dicuutr

159 2048 315 2119 -ruotivae
332 2052 472 2206 ἕωᾶο
490 2054 586 2119 nervi
607 2063 688 2118 sunt
708 2051 807 2134 laesi,
824 2071 892 2120 non
913 2053 947 2119 in
969 2053 1044 2139 ipso
1066 2053 1153 2139 prin·
1203 2049 1365 2116 Homines
1383 2069 1452 2116 non
1474 2050 1643 2117 remittunt
1662 2063 1817 2138 peccata,
1838 2053 1901 2120 sad
1918 2051 2024 2119 Deus.
2067 2050 2193 2117 Nonne

375 2159 409 2204 rn

1204 1874 1298 1943 illurn
1319 1888 1426 1943 tetum
1447 1875 1637 1959 articulum,
1658 1880 1715 1965 qui
1732 1899 1867 1967 semper
1888 1876 1950 1946 init
1970 1878 2006 1944 in
2022 1874 2192 1958 Reclusis,

169 2136 269 2223 cipio,
292 2097 331 2203 sir
432 2136 510 2206 loco
528 2136 706 2217 inferiore,
736 2139 793 2204 ubi
821 2160 888 2206 una
914 2156 995 2224 pars
1017 2139 1153 2224 impedi·
1204 2148 1298 2204 recte
1318 2137 1452 2204 dicumi
1473 2136 1564 2203 Ante
1584 2157 1694 2204 annos
1715 2137 1783 2220 to,
1806 2136 1872 2206 :vel
1904 2140 2004 2205 etiam
2035 2136 2193 2224 amplius,

168 2233 238 2289 tur:
260 2224 310 2287 aa
330 2244 421 2288 uuna
441 2246 513 2287 maa
530 2227 581 2286 eia
602 2224 690 2287 dattd
707 2223 785 2288 oder
806 2247 873 2287 orm
893 2224 982 2287 reicit
1002 2224 1087 2289 cuir
1107 2245 1154 2288 re
1205 2243 1280 2291 cum
1302 2238 1419 2290 essent
1441 2224 1683 2309 disputationes
1713 2236 1808 2292 ortae
1840 2225 1883 2291 de
1913 2220 2127 2291 absolutione
2158 2233 2193 2289 et

167 2328 230 2392 pcc
262 2310 335 2376 ion.
389 2309 576 2400 Utrumque
608 2310 747 2379 Pathos.
802 2310 973 2397 Pur-alyne
1006 2324 1040 2378 et
1067 2309 1154 2394 Apo·
1205 2308 1433 2390 confessione,
1457 2309 1550 2378 multi
1578 2309 1787 2378 sustulerunt
1819 2309 2092 2391 confessionem,
2124 2309 2193 2377 hoc

162 2396 277 2480 pasta
298 2399 450 2464 oriuntur
470 2418 514 2465 ex
531 2398 902 2485 intemperantimquia,
914 2397 1154 2486 quandonervi
1203 2408 1416 2487 argumentor

167 2483 269 2549 nimia
290 2482 487 2551 humiditate
508 2485 592 2552 liunt
613 2482 861 2572 languidiores,
882 2485 1036 2552 amittunt
1056 2505 1153 2552 suam
1334 2516 1486 2580 Homine,
1507 2537 1569 2580 nm,
1586 2525 1723 2600 pom
1743 2519 1901 2581 mium
1919 2525 2072 2600 mata..

166 2569 247 2648 rim,
268 2591 337 2636 non
358 2582 504 2656 possunt
525 2573 739 2657 suppeditare
759 2571 989 2657 spiritus,non
1009 2582 1154 2659 possunt
1333 2603 1424 2688 &9⁰
1446 2605 1603 2668 amm-0
1625 2613 1657 2668 α
1678 2606 1834 2686 mmo
1855 2604 1939 2667 mm
1951 2611 2011 2672 m·

166 2658 330 2742 praebere
350 2654 407 2723 vel
428 2677 566 2725 sensum
588 2655 644 2725 vel
665 2670 800 2725 motum.
901 2694 909 2719 ·.
1769 2694 1774 2710 e

895 2773 899 2783 ·
1292 2740 1336 2808 Et
1364 2755 1417 2809 ast
1439 2754 1552 2810 textus
1574 2741 1690 2811 clarus
1711 2745 1746 2811 in
1774 2742 1894 2810 Esaia:
1921 2741 1995 2826 Epo
2014 2765 2084 2806 sum
2104 2743 2193 2808 Dera

1202 2830 1363 2891 aminon
1375 2837 1531 2912 mecum
1551 2851 1620 2897 non
1632 2846 1685 2896 ω(
1696 2829 1841 2897 hominis
1851 2831 2021 2897 remittere
2038 2842 2192 2916 peecata

1204 2915 1418 3001 Respondeo.
1462 2917 1598 2984 Dictum
1628 2916 1752 2984 Esaiae
1784 2927 1920 3004 oportet
1946 2915 2088 3006 intelligi
2116 2939 2194 2984 oum

253 2998 317 3065 Est
336 2996 545 3088 Euangeliou
566 2999 811 3088 principaliter3
866 3002 920 3071 uia
952 3014 1007 3070 est
1034 3003 1155 3071 recita·
1205 3001 1385 3070 collatione
1406 3002 1450 3068 ad
1471 2999 1570 3069 illud:
1600 3003 1738 3076 Οιιυποη
1759 3006 1953 3079 cademus,
1975 3015 2042 3073 etc.
2086 3002 2191 3073 Solus

166 3086 215 3152 tio
237 3084 319 3152 iacti
342 3106 404 3154 sen
425 3086 594 3169 miraculi,
621 3108 688 3174 quo
710 3085 815 3154 Filius
868 3089 898 3155 ei
928 3089 985 3157 dat
1007 3091 1155 3157 testimo·
1204 3088 1301 3158 Deus
1330 3090 1468 3156 remittit
1495 3101 1639 3175 peccata
1665 3110 1728 3177 sua
1755 3091 1964 3159 anctorbte.
2009 3091 2120 3158 Homo
2140 3111 2192 3158 re

156 3172 258 3239 nium
287 3171 332 3238 de
358 3173 521 3241 doctrine.
566 3173 720 3240 Dunmcit
740 3173 846 3257 troops
868 3174 949 3238 auct
976 3176 1155 3263 disputatio
1204 3179 1303 3244 mittit
1329 3187 1481 3263 peccate,
1514 3196 1583 3243 non
1615 3175 1761 3244 humana
1782 3176 1992 3258 auctoritate,
2025 3178 2089 3245 sed
2109 3189 2191 3244 tam-

166 3277 331 3344 expressa
370 3260 413 3326 de
450 3262 651 3330 remissione
683 3272 910 3348 peccatorum.
975 3262 1068 3350 Ergo
1101 3276 1155 3330 est
1228 3285 1305 3330 uam
1328 3263 1478 3329 minister
1505 3264 1602 3330 vocis
1635 3263 1776 3332 divinae.
1819 3264 1882 3330 Est
1912 3265 2051 3331 nuntius
2083 3284 2190 3332 vocas

159 3341 375 3433 Euangeliou
396 3349 567 3415 materia..
590 3348 735 3423 Quando
765 3348 935 3419 intuemini
967 3359 1069 3417 arram
1097 3370 1154 3434 pa·
1206 3283 1352 3429 livinae,
1385 3350 1419 3415 in
1453 3370 1519 3436 qna
1540 3350 1635 3417 Deus
1661 3351 1736 3436 ipse
1756 3352 1893 3418 remittit
1909 3363 2061 3438 peccata
2106 3349 2191 3419 Pha·

151 3432 281 3584 -finnm
303 3432 337 3497 in
358 3431 492 3516 Bibliis,
519 3436 638 3502 statim
668 3436 832 3523 cogitate,
851 3456 908 3502 ›en
934 3437 978 3503 sit
998 3437 1155 3505 doctrina
1204 3436 1306 3504 risaei
1328 3435 1411 3502 nihil
1432 3437 1604 3504 sciverunt
1620 3438 1663 3503 de
1683 3448 1755 3504 tota
1777 3437 1842 3505 bae
1863 3439 2028 3509 doctrirm

237 3514 334 3585 svel
355 3517 450 3586 Euan
495 3517 542 3588 lii.
588 3520 626 3588 Si
648 3533 700 3590 cst
726 3523 881 3589 doctrina
906 3520 1011 3612 legis,
1026 3544 1083 3590 .an
1109 3524 1154 3591 sit
1212 3538 1217 3555 ·
1340 3548 1343 3556 ·

195 2849 322 2934 Estne
353 2853 456 2935 haee
486 2855 627 2962 concio
657 2853 758 2965 legis
788 2853 856 2936 vel
886 2853 1124 2966 Evangelii?

166 3605 209 3672 de
231 3602 376 3671 cultibus
399 3607 454 3673 dis
466 3609 541 3687 nis,
575 3628 620 3674 an
633 3630 735 3675 svera
769 3610 812 3679 da
844 3608 968 3679 officiis
994 3607 1151 3696 politicis.
1276 3671 1284 3688 ,
1349 3673 1358 3689 ,
1392 3674 1400 3692 ,
1849 3627 1857 3692 g
2135 3676 2145 3694 ,

122 3760 130 3768 ,
165 3689 298 3757 Primus
320 3693 420 3778 igitur
441 3691 539 3771 locus
560 3693 777 3781 principalis,
811 3709 865 3763 ast
897 3698 939 3762 de
971 3696 1151 3765 miraculis.
1203 3668 1318 3775 Quld
1347 3686 1470 3785 igliur
1499 3685 1715 3757 senserunt
1737 3673 1945 3759 Pharisaei
1969 3675 2022 3758 ἆθ
2044 3703 2189 3761 remu·

165 3774 217 3843 Ea
239 3779 499 3886 recitantur,·ut
520 3782 588 3846 sint
620 3783 808 3848 testimonia
836 3783 1045 3889 doctrinae,
1062 3786 1152 3872 quod
1264 3792 1377 3878 sione
1406 3804 1686 3909 peccatorum:
1718 3796 1826 3908 quia.
1844 3807 2007 3909 oportet
2037 3825 2127 3881 egge

166 3864 320 3930 doetrma
341 3886 409 3930 nou
431 3878 476 3933 srt
499 3866 636 3955 ficticia;
657 3867 754 3936 Deus
787 3869 863 3936 ideo
897 3871 1062 3936 ordrnavrt
1094 3892 1152 3936 na·
1463 3914 1472 3932 .

90 3989 96 4001 ·
163 3960 283 4029 turem
302 3961 351 4031 ut,
374 3972 450 4018 cum
472 3951 553 4020 iacit
570 3949 693 4043 aliquid
716 3965 851 4041 praeter
871 3967 1041 4037 naturam,
1063 3959 1151 4023 scia·
1372 3943 1651 3999 r⁰m¹⁸⁸¹⁰nem
1680 3918 2017 4055 &maiomam

150 4054 238 4103 'mus
262 4036 485 4125 esse—Deum,
507 4053 539 4104 et
562 4054 738 4133 essedum
761 4054 901 4109 naturae
923 4056 1095 4110 auctorem
1117 4055 1151 4109 et
1198 4056 1225 4079 ’·
1282 4076 1284 4081 ·
1584 4036 1804 4126 Ecclesia?
1853 4091 1856 4095 ¹

154 4123 389 4205 conditorem,
412 4136 445 4192 ct
466 4127 647 4193 immensae
674 4131 864 4215 potentiae,
892 4140 925 4194 et
954 4128 1033 4196 esse
1059 4126 1151 4196 aliud
1711 4192 1718 4206 ,

125 4209 334 4360 ε’ῗαὶᾶᾱωιι,
356 4232 456 4298 quam
476 4223 597 4280 natura
620 4225 682 4280 est.
725 4212 1009 4302 Philosophorum
1032 4234 1151 4302 specu·
1290 4217 1486 4286 Habuerunt
1508 4221 1780 4309 imeginationas,
1808 4222 1930 4288 remitti
1951 4222 2092 4307 peccata
2110 4243 2189 4309 pro·

151 4322 156 4361 ·.
176 4296 306 4361 stiones
329 4297 479 4385 cogitant
501 4300 611 4369 omnia
632 4299 713 4367 ferri
735 4298 816 4382 illis,
832 4303 978 4368 motibus
999 4312 1151 4383 naturae,
1201 4316 1278 4391 pter
1290 4305 1469 4386 sacrificia,
1488 4319 1521 4373 et
1531 4319 1706 4392 praeterea
1717 4326 1797 4373 esse
1807 4308 2035 4388 dubitandum,
2058 4312 2112 4376 eui
2133 4331 2188 4377 re·

151 4381 359 4475 ²hecessario
382 4380 492 4450 solem
512 4389 654 4468 moveri,
672 4399 705 4453 et
725 4408 793 4453 non
816 4407 922 4476 posse
944 4385 1041 4455 aliter
1062 4389 1150 4475 deri3
1202 4393 1390 4459 mittantur:
1414 4408 1448 4459 at
1469 4390 1539 4459 illis
1560 4393 1693 4474 remitti,
1715 4395 1772 4481 qui
1793 4392 2189 4482 satishabeantoperum

157 4472 282 4558 'putant
303 4489 371 4533 non
395 4468 486 4558 gigni
506 4469 674 4540 hominem
696 4473 871 4541 exeiioeta
893 4495 971 4555 anu,
984 4485 1151 4543 mortuum
1203 4487 1239 4544 et
1259 4480 1467 4546 meritorumr
1485 4481 1573 4546 sicut
1593 4480 1749 4548 monachi
1766 4481 1930 4561 dixerunt,
1950 4494 2091 4568 propter
2108 4502 2187 4550 cou-
2212 4526 2217 4535 ψ

150 4573 232 4621 non
255 4555 472 4622 reviniseere.
515 4555 612 4624 Deus
633 4570 743 4627 autam
766 4571 859 4626 extre
884 4574 917 4628 et
962 4573 1073 4629 raeter
1098 4584 1151 4629 or·
1196 4565 1370 4633 tuitionem
1380 4568 1502 4632 remitti
1512 4581 1670 4654 paccatas
1692 4579 1727 4634 et
1742 4569 1820 4655 quia
1831 4587 1930 4634 nemo
1940 4569 2039 4649 sciat,
2050 4571 2188 4654 quando

164 4641 275 4708 dinem
297 4652 438 4709 naturae
460 4639 542 4710 iacit
563 4584 1038 4735 eliqua‚ntsciamus·allqnid
1061 4646 1151 4715 aliud
1202 4651 1326 4718 habeat
1353 4650 1576 4720 sufficientem
1601 4653 1850 4733 contritionem,
1877 4655 2079 4722 manendum
2102 4675 2188 4724 asse

34 4770 49 4780 ‚
162 4744 243 4794 esse
263 4739 400 4814 praeter
422 4728 573 4797 ordinem
596 4742 745 4807 naturae)
768 4747 801 4800 et
822 4732 946 4823 aliquid
967 4737 1151 4822 potentius,
1199 4737 1237 4803 in
1259 4738 1472 4806 dubitatione.
1515 4738 1713 4807 Manserunt
1734 4759 1885 4826 semper,
1915 4753 1950 4807 et
1980 4754 2116 4808 manent
2143 4743 2187 4811 si·

162 4810 294 4880 scilicet
314 4811 406 4880 illam
429 4827 572 4882 mentem
593 4830 774 4895 aeternam,
787 4834 819 4885 et
835 4817 1150 4910 illud'omnipotens
1201 4820 1299 4890 miles
1321 4844 1455 4892 errores
1476 4826 1511 4890 in
1532 4827 1674 4907 mundo,
1702 4829 1837 4913 qnando
1860 4828 2033 4896 discetitur
2054 4830 2099 4895 ab
2121 4827 2187 4895 Ec·

161 4896 289 4986 aliquid
312 4900 429 4968 iacere
450 4913 546 4968 exue
568 4906 718 4972 ordinem
746 4919 902 4973 naturast
930 4909 1021 4976 sicut
1046 4929 1151 4996 saepe
1202 4906 1308 4977 alesia
1341 4913 1383 4977 ad
1412 4911 1576 4978 Ethnicas
1609 4911 1665 4980 vel
1700 4912 1881 4980 rationales
1916 4915 2185 5000 imaginationes.

159 4982 244 5052 facit
266 4984 391 5081 aliquid
413 4989 488 5055 sina
510 4992 622 5056 causis
650 4994 828 5070 securrdis3
855 5006 970 5061 servat
997 4992 1150 5063 homines
1197 4995 1484 5082 Primiparentes,
1504 4999 1613 5065 Adam
1634 5011 1669 5065 et
1689 4997 1775 5077 Eva,
1798 5001 1951 5067 sciebant
1977 5002 2043 5067 sibi
2066 5019 2186 5088 pecca·

149 5072 238 5139 sine
261 5075 393 5139 caussis
415 5076 587 5158 secundis,
599 5080 778 5146 resuscitat
799 5091 950 5148 mortuos
961 5082 1036 5149 sine
1054 5103 1150 5148 caus·
1193 5093 1271 5149 -tnm
1298 5085 1475 5151 remissum
1503 5104 1594 5165 asse,
1623 5087 1776 5157 sciebant
1802 5105 1841 5153 se
1866 5089 2038 5154 audivisse
2066 5104 2185 5155 vocem

163 5157 228 5283 sis·
247 5161 423 5239 secundisr
454 5162 591 5250 quaudo
611 5176 734 5232 servat·
754 5163 915 5254 populum
942 5176 1088 5236 stantem
1111 5170 1150 5264 in
1199 5167 1267 5237 Dei
1287 5167 1470 5259 loquentisr
1490 5171 1600 5235 Smer
1620 5172 1760 5236 mederis
1782 5173 1982 5241 macriorbit
2002 5180 2102 5258 copae
2118 5190 2210 5271 atr·-
