4620 5588
173 224 240 305 135

1178 501 1183 574 l

262 598 393 666 Rursus
414 620 480 663 000
505 599 581 664 dico
603 600 645 664 de
668 598 822 686 Physicis
840 599 1026 677 mensibus,
1044 595 1099 663 vel
1115 598 1157 663 de
1179 583 1183 682 i

174 685 317 772 physica
338 683 498 764 utilitate,
521 706 606 771 quac
628 687 671 750 ad
694 698 954 770 temperamenta
977 704 1156 768 corporum

175 772 342 838 destinata
371 783 440 850 est,
472 783 609 857 propter
635 770 813 851 humores,
842 772 897 858 qui
919 773 1016 838 varie
1036 783 1100 836 tem
1125 791 1157 835 e·

174 871 292 923 rantur
313 878 458 923 accessu
488 870 522 923 et
549 879 689 924 recessu
715 858 831 923 Lunae
853 878 873 922 a
896 854 993 923 Sole:
1026 859 1087 925 sed
1102 792 1157 923 lo·

174 965 261 1030 quor
281 942 528 1010 Mathematice.
572 944 710 1010 Menses
732 945 833 1033 igitur
850 955 928 1010 sunt
944 945 1098 1024 instituti,
1120 955 1158 1011 nt

174 1031 353 1097 metiantur
375 1051 509 1096 annum.

265 432 349 519 Sed
381 462 506 544 quare
538 432 652 516 Dens
682 433 855 517 instituit
884 431 1070 516 menses?

181 1377 184 1384 ’
303 1361 475 1487 ‘Annus
504 1362 660 1446 Latinis
690 1294 799 1446 unde
832 1362 1005 1448 dicitnr?

260 1545 457 1624 Acircuitu,
477 1548 521 1613 ab
544 1565 597 1625 00,
620 1543 677 1610 vei
699 1543 797 1631 ἀμφὶ,
826 1547 915 1635 quod
937 1558 1008 1628 est,
1030 1548 1155 1610 eirenen
1178 1580 1185 1633 Ι

179 1629 239 1694 Wo
262 1631 313 1693 ihr
334 1631 409 1694 habt
432 1652 486 1711 00,
507 1628 564 1698 vel
585 1653 647 1710 om,
668 1632 713 1694 do
729 1632 811 1695 beist
833 1653 868 1699 es
889 1636 1015 1706 010000οι,
1038 1645 1075 1700 ιιι
1090 1655 1155 1698 am·

172 1719 270 1785 bitus,
317 1717 438 1783 Graeci
459 1718 584 1785 babent
604 1717 804 1786 vocabulum
825 1722 910 1800 ἔτος,
936 1721 1026 1807 qood
1056 1721 1156 1788 ctiam

174 1804 344 1892 significat
367 1805 625 1874 continuitatem.

262 2136 416 2221 Mensis
446 2137 556 2221 unde
587 2137 716 2222 habet
745 2167 898 2222 nomen
927 2137 1074 2227 suumi

259 2319 393 2387 Dicitur
412 2319 500 2401 μῇνῃ,
523 2320 557 2386 id
578 2331 642 2400 est,
663 2319 772 2400 Luna,
794 2323 853 2384 wie
872 2324 932 2385 wir
947 2321 1027 2385 oncle
1042 2342 1154 2404 rupen,

171 2404 285 2468 Monet
306 2427 372 2468 com
393 2407 503 2475 Mond.
543 2406 672 2473 Latinis
693 2404 774 2489 lune
796 2408 1036 2474 estalacendo.
1060 2407 1154 2476 Men·

171 2491 221 2560 sis
243 2489 305 2559 fuit
322 2494 428 2578 prima
450 2512 605 2560 mensura
627 2495 789 2580 patribus,
811 2506 930 2579 postea
949 2496 1155 2562 animadver-

172 2589 286 2645 terunt
309 2599 496 2666 congruere
516 2601 652 2658 annum,
675 2577 731 2648 vei
748 2582 921 2647 circuitum
932 2580 1023 2650 Solis
1034 2584 1078 2648 ad
1090 2585 1154 2651 cir·

172 2665 297 2734 cuitum
319 2667 493 2734 duodecim
514 2667 688 2748 mensium,
711 2667 831 2735 additis
853 2669 971 2736 dicbus
991 2666 1131 2758 aliquot.

240 2997 376 3101 Quare
408 3010 502 3083 sunt
532 2999 740 3086 institutae
770 2950 1083 3085 hebdomades?

257 3180 329 3247 1100
351 3180 449 3248 etiarn
471 3192 548 3248 sunt
569 3180 727 3248 divinitus
748 3182 936 3267 institutae,
958 3193 994 3249 nt
1015 3185 1153 3253 diciturr

169 3267 239 3331 800
260 3267 370 3330 dicius
393 3269 590 3351 opacioris,
606 3277 637 3332 et
658 3272 808 3350 septimae
828 3270 971 3333 01100011
983 3270 1053 3334 dies
1067 3274 1153 3355 quie·

170 3357 224 3420 ue.
258 3353 329 3415 Dur
343 3362 424 3417 roort
435 3355 630 3435 Sabbatum,
651 3376 716 3417 0000
732 3355 852 3418 1010101
875 3358 905 3421 l.
929 3356 1154 3438 0010080100-

78 3519 81 3522 ,
169 3440 256 3520 both,
278 3443 338 3503 ists
354 3441 443 3504 01010
465 3443 527 3505 doe
546 3452 627 3509 cort
645 3442 742 3507 Saia.
764 3442 931 3511 Differunt
951 3464 1020 3513 nna
1041 3443 1152 3526 litera,

169 3548 370 3678 ppbappquam
402 3540 481 3596 sunt
512 3527 622 3594 vicine
655 3526 833 3597 vocabula.
883 3530 1067 3597 Sabbatum
1095 3531 1154 3595 der

259 3636 312 3696 op.

289 3942 379 4040 Dat
407 3955 508 4039 wiri
534 3949 750 4063 Feyerteg,
780 3951 892 4033 unde
921 3949 1063 4034 reniti

256 4130 290 4197 A
311 4130 414 4199 seriis.
437 4130 536 4197 Unde
557 4130 685 4198 scrinei
701 4134 745 4198 ah
767 4129 1015 4220 10ρό0110000
1034 4111 1171 4214 sacrm·

169 4236 238 4283 non
261 4238 283 4281 0
303 4215 463 4285 feriendo.
507 4217 679 4286 institutae
695 4231 774 4285 sunt
794 4232 905 4286 autem
912 4219 1154 4300 hebdomadae,

169 4313 208 4370 nt
228 4304 407 4369 metiantur
426 4324 585 4371 mensem.
1056 4318 1059 4333 ’
1125 4325 1129 4333 ·

182 4582 185 4589 -
209 4635 347 4740 Quare
378 4650 474 4722 sunt
504 4640 532 4720 4
562 4639 845 4723 hebdomades
875 4639 918 4723 in
947 4610 1119 4728 memet
1180 4711 1182 4716 ,

811 236 926 304 PHIL.
947 234 1053 303 MEL.
1075 232 1264 304 8011er
1285 230 1550 301 meamea

1207 427 1398 502 πανσέληνος.
1442 419 1566 486 Postea
1588 441 1705 486 rursus
1727 420 1854 504 delicit,
1883 443 1925 488 ac
1946 422 2077 488 tandem
2098 424 2191 489 venit

1208 513 1250 575 ed
1274 509 1553 576 coniunctionem.
1598 507 1683 586 8001
1700 520 1844 594 quatuor
1853 521 2004 595 quartae.
2015 509 2192 576 distinctae

1208 598 1283 682 ipse
1305 596 1420 681 specie
1441 592 1583 660 luminis.

1294 680 1533 752 Hebdomadae
1570 682 1705 766 proprie
1738 692 1816 747 sunt
1848 680 2086 748 Hebraeorum.
2153 681 2190 747 10

1208 766 1337 834 Latinis
1358 767 1507 832 historiis
1528 763 1661 833 hahetis
1684 767 1916 833 trimmdinnm.
1961 765 2081 833 Graeci
2108 768 2190 833 divi·

1208 866 1327 921 sernnt
1349 874 1496 920 mensem
1519 854 1553 916 in
1571 864 1640 918 tres
1663 851 1840 931 Decedes3
1867 855 1910 918 ita
1932 852 2041 919 Latini
2070 857 2103 918 in
2134 858 2191 919 tri-

1208 943 1384 1021 nundinas,
1405 941 1438 1005 id
1460 950 1535 1018 est,
1567 940 1602 1004 in
1634 953 1705 1004 tres
1736 941 1949 1005 novenarios.
1994 942 2050 1005 810
2070 940 2191 1006 hubenc

1205 1026 1596 1115 panormitanam
1619 1039 1690 1108 cst,
1717 1028 1937 1093 novendines.
1981 1027 2099 1092 Nonae
2120 1048 2190 1093 non

1208 1111 1797 1193 00000001000100,0001ονεομενία.
1820 1111 2038 1178 Novendinae
2053 1126 2087 1178 ct
2098 1114 2189 1178 Nuu-

1208 1203 1305 1266 dinae
1317 1211 1562 1278 suntanovem,
1574 1200 1664 1285 qnod
1676 1199 1841 1284 designat,
1852 1219 1974 1264 novem
1982 1200 2195 1286 diernmspa··

1208 1291 1298 1353 tium.
1316 1286 1555 1352 itadiviserunt
1562 1304 1711 1350 mensem
1717 1304 1786 1349 000
1794 1286 2046 1351 accuratissima
2055 1307 2189 1371 compu-

1207 1375 1343 1451 tatione,
1360 1370 1510 1438 dornoclt
1524 1371 1629 1437 bohen
1639 1373 1795 1437 rieetwcs
1805 1391 1844 1436 ro
1851 1372 1961 1457 pebera
1985 1371 2078 1438 Sicut
2090 1377 2189 1439 etiam

1095 1463 1104 1477 ”
1206 1456 1309 1525 inilia
1320 1459 1543 1525 eruditissima
1554 1477 1628 1523 com
1654 1458 1891 1543 orationeque
1902 1477 1966 1522 nos
1980 1459 2120 1539 utimur,
2139 1469 2189 1525 tu·

1207 1556 1359 1695 100οΒ01
1377 1564 1465 1696 ¹opus
1488 1545 1650 1695 bdlslxhaden
1672 1563 1785 1695 ιηῖἕίι
1796 1543 2161 1696 odprfflintepincalationp.

1343 1652 1361 1695 e
1408 1650 1517 1696 omem
1672 1650 1715 1714 pe
1785 1649 1824 1695 00
1909 1652 1954 1696 00
2012 1651 2076 1697 00.
2120 1673 2134 1696 .
2153 1652 2189 1696 o·

1206 1737 1271 1784 nus
1301 1717 1375 1782 dies
1406 1715 1469 1783 suit
1502 1717 1552 1783 eis
1579 1714 1744 1796 festivus,
1775 1718 1823 1782 do
1843 1717 1919 1782 sind
1939 1718 1993 1782 die
2013 1720 2097 1783 10010
2116 1737 2190 1784 conr

1208 1803 1307 1869 ociter
1327 1803 1483 1868 hommes:
1507 1803 1668 1868 Homines
1681 1805 1923 1868 conveniebant
1933 1815 2001 1868 tum
2013 1806 2057 1870 ad
2077 1823 2189 1887 sacra,

1207 1889 1360 1956 democh
1375 1889 1479 1955 hohen
1499 1892 1547 1954 ric
1567 1889 1770 1955 iohrmcroirt
1786 1890 1914 1955 0100000
1921 1890 2080 1975 90000101.
2122 1890 2190 1956 lla-

1206 1978 1351 2043 buerunt
1383 1978 1482 2040 etiam
1504 1973 1636 2042 Ethnici
1669 1995 1733 2041 sua
1761 1977 1922 2064 quaedam
1955 1996 2064 2042 secra.
2120 1976 2190 2043 Sed

1208 2060 1301 2129 obiiti
1323 2063 1497 2128 doetrinae
1518 2073 1673 2147 patrum,
1705 2059 1794 2148 lapsi
1826 2072 1906 2129 eunt
1936 2063 1971 2128 in
1998 2059 2190 2132 horribilem

1205 2150 1392 2216 amentiam.
1435 2147 1512 2213 Non
1522 2145 1757 2214 intellexerunt
1767 2149 1850 2214 ritus
1866 2159 2054 2233 parentum,
2064 2151 2191 2216 emissa

1206 2235 1382 2315 doctrina,
1414 2247 1449 2301 et
1480 2247 1591 2300 tamen
1623 2230 1766 2320 aliquam
1799 2254 1914 2301 eornm
1944 2232 2190 2302 similitudinem

1205 2324 1420 2389 retinuerunt.
1466 2319 1592 2388 Postea
1614 2340 1715 2387 000ιο
1742 2323 1841 2387 etiam
1869 2318 1928 2387 illa
1956 2332 2127 2389 venerunt
2153 2324 2190 2388 in

1205 2420 1390 2476 mercatust
1412 2407 1501 2474 sicut
1521 2408 1556 2472 in
1577 2403 1742 2474 Ecclesia.
2186 2454 2189 2459 -

1292 2493 1403 2580 Saepe
1430 2492 1552 2581 legitur
1580 2495 1669 2579 apud
1687 2492 1870 2580 scriptores
1892 2494 1936 2559 de
1956 2491 2088 2580 legibus
2109 2491 2189 2561 latia

1204 2581 1239 2647 in
1259 2579 1476 2647 Trinundino.
1521 2579 1558 2645 hr
1604 2581 1696 2646 rimis
1717 2581 1874 2647 nundinis
1895 2581 1955 2646 hut
1975 2600 2052 2647 0000
2065 2600 2190 2666 propo-

1204 2670 1303 2774 siert,
1325 2667 1483 2773 secundis
1505 2601 1661 2732 nundinis
1681 2665 1740 2732 hot
1761 2686 1838 2732 mco
1858 2667 1988 2734 000000
2062 2670 2130 2775 edt3
2151 2668 2190 2760 ln

1204 2753 1677 2906 acerbissimi
1694 2753 2015 2928 illim.
2043 2837 2132 2908 1...
2153 2843 2189 2937 r.

1205 2926 1304 2992 tertia
1325 2923 1494 3005 Ecclesia,
1514 2926 1713 2992 dicebantur
1732 2935 1844 3013 neptas.

1291 3010 1432 3098 Semper
1453 3010 1520 3078 iroc
1537 3011 1574 3077 iit
1600 3013 1636 3078 in
1661 3013 1809 3093 mundo,
1835 3014 1873 3078 ut
1899 3012 2062 3079 minorem
2085 3012 2199 3080 ’0011οι

1204 3118 1281 3164 nem
1302 3095 1448 3163 habeant
1469 3096 1623 3164 homines
1644 3099 1828 3179 doemone,
1852 3109 1885 3165 et
1907 3100 2014 3185 magis
2037 3100 2107 3166 sint
2132 3121 2189 3167 oo-

1205 3184 1315 3270 cupati
1338 3185 1548 3265 ceremoniis,
1571 3185 1660 3251 sicut
1681 3187 1807 3252 nostris
1832 3187 2038 3270 temporibus
2063 3184 2190 3254 iactum

1205 3281 1268 3338 est
1312 3268 1351 3336 81
1372 3289 1488 3337 omnes
1511 3289 1689 3356 possemus
1711 3267 1852 3338 fundere
1873 3269 2188 3340 0000000100-

1203 3377 1278 3424 rum
1299 3356 1379 3436 vim,
1399 3368 1554 3445 quantam
1577 3355 1675 3423 Albis
1693 3354 1798 3424 voluit
1817 3358 1972 3435 assiduat
1988 3370 2099 3424 tamen
2120 3378 2190 3429 000

1205 3454 1320 3511 essent
1342 3463 1440 3528 pares
1463 3445 1678 3530 magnitudini
1699 3441 1791 3512 illius
1807 3444 1899 3523 maii,
1939 3446 2006 3510 uod
2028 3455 2096 3511 tam
2118 3448 2189 3512 cito

1204 3531 1357 3598 doctrina
1378 3541 1432 3595 est
1453 3531 1655 3615 depravata,
1688 3544 1723 3598 et
1750 3533 1835 3598 ritus
1856 3464 2089 3598 Ecclesiastici
2111 3552 2190 3599 eon·

1204 3616 1294 3684 versi
1317 3619 1449 3682 suntin
1483 3614 1584 3683 idola.
1629 3617 1711 3685 hrde
1741 3615 1853 3684 adbuc
1880 3630 2037 3703 superest
2059 3629 2187 3686 tanturn

1204 3700 1379 3782 malorum,
1401 3714 1514 3769 tantae
1536 3700 1752 3769 confusiones
1774 3727 1795 3771 o
1819 3705 1984 3783 inionem,
2005 3715 2118 3771 100100
2140 3706 2189 3771 di·

1205 3789 1409 3856 structiones
1421 3786 1605 3856 Ecclesiae.
1650 3789 1746 3856 Deus
1760 3809 1801 3855 co
1830 3790 1900 3878 igot
1910 3790 1974 3855 sibi
1985 3788 2188 3868 Ecclesiam,

1204 3886 1241 3942 at
1259 3877 1425 3941 instauret
1445 3895 1486 3941 00
1508 3875 1626 3940 reddat
1647 3870 1757 3942 iucem
1767 3875 1862 3942 Evan
1889 3873 1942 3941 eiii
1964 3877 2028 3956 eui,
2042 3889 2077 3943 et
2094 3897 2189 3964 sper·

1205 3972 1359 4114 gptteanp
1381 3958 1598 4039 100001ςοοο
1620 3961 1709 4028 sinet
1730 3961 1803 4028 fieri
1815 3897 2001 4029 diabolicas
2012 3966 2187 4032 vastitates

1204 4069 1224 4114 e
1273 4066 1336 4113 ene
1359 4067 1428 4112 ras.

1291 4132 1349 4200 No
1374 4132 1440 4198 hob
1459 4132 1512 4197 2'ch
1529 4142 1647 4219 percpi
1665 4134 1709 4200 dc
1737 4154 1875 4201 crusna:
1907 4132 2014 4209 Quem
2043 4133 2189 4203 voluerit

1203 4218 1300 4287 Deus
1322 4239 1403 4286 esse
1421 4218 1639 4306 principalem
1659 4218 1759 4289 tinem
1780 4221 2003 4289 distinctionis
2025 4224 2188 4290 seuordi·

1205 4309 1259 4373 nis
1281 4306 1570 4386 ceninensium,
1593 4306 1862 4392 septimanarum.
1905 4307 1964 4374 Sic
1995 4319 2108 4375 autem
2140 4310 2188 4375 di·

1205 4393 1340 4460 attibuit
1362 4392 1457 4457 Deus
1480 4393 1513 4456 iu
1535 4391 1684 4478 qualibet
1703 4395 1896 4480 septimana⁴
1910 4395 2001 4472 dies,
2027 4405 2064 4460 ut
2084 4397 2187 4481 septi·

1205 4501 1295 4546 mum
1317 4476 1459 4544 voluerit
1480 4498 1557 4545 esse
1569 4478 1765 4546 Sabbatum.
1808 4478 1958 4554 Quaede
1974 4500 2099 4546 caussa
2119 4481 2188 4550 hoo

1206 4567 1421 4631 constitutum
1442 4578 1495 4630 est
1517 4587 1538 4631 a
1557 4563 1659 4631 Deo?
1702 4565 1914 4653 Respondeo.
1959 4565 2004 4631 Ut
2030 4563 2086 4634 ille
2114 4569 2186 4636 (1100

1206 4653 1378 4738 septimus,
1400 4665 1492 4718 esset
1512 4653 1732 4727 testimonium
1751 4654 1953 4731 creationis,
1988 4650 2044 4718 vei
2071 4675 2187 4722 monn·

1177 4757 1182 4787 ι
1205 4749 1352 4804 mentum
1374 4730 1544 4805 10001000
1567 4739 1610 4805 de
1631 4738 1814 4817 creatione,
1836 4750 1937 4825 atque
1958 4739 2004 4804 ita
2024 4735 2082 4806 iiie
2114 4741 2186 4808 dice

91 4875 93 4878 ,
258 4819 344 4894 Quia
372 4832 452 4887 sunt
479 4830 622 4906 quatuor
648 4820 765 4908 φάσεις.
809 4820 1072 4911 1000011000οι
1100 4833 1155 4890 est

170 4906 341 4990 μηνοειδὴς,
386 4908 499 4974 nando
520 4909 649 4995 prodit,
671 4910 706 4975 id
727 4919 803 4990 est,
833 4909 1065 4991 corniculata,
1098 4908 1154 4978 vel

170 4989 306 5060 laicata.
382 5015 444 5062 000
467 5007 519 5061 est
545 4996 650 5080 prima
671 5007 808 5082 quarta3
840 4997 948 5083 prima
977 4998 1153 5083 apparitio,

170 5081 276 5167 prima
297 5081 397 5166 φάσις.
443 5081 600 5148 80000ᾶο
623 5080 736 5168 φάσις,
752 5083 835 5149 oder
862 5083 1013 5150 secunda
1034 5093 1153 5170 quarta

171 5178 247 5249 cat,
280 5168 371 5255 quod
403 5180 457 5236 est
487 5167 662 5254 διχότομοςε
681 5170 805 5237 -dom
835 5169 895 5236 flet
923 5167 1155 5259 ΝΜ

1205 4826 1407 4890 tribueretur
1433 4821 1576 4913 singulis
1609 4825 1803 4910 septimanis
1836 4826 2016 4892 conventui
2048 4824 2185 4913 publico

1204 4911 1251 4991 ad,
1277 4913 1557 5018 propapetionem
1585 4911 1769 4978 doctrinae.
1818 4910 1911 4978 810οι
1943 4912 2041 4978 nobis
2069 4927 2188 4980 noster

1204 4998 1277 5064 dies
1298 4994 1494 5065 Dominicus
1516 4998 1615 5083 dehet
1631 5017 1712 5065 0000
1732 5009 1978 5065 monumentum
2006 4999 2048 5064 de
2074 5016 2186 5066 resur·

1203 5083 1352 5151 rectione
1374 5082 1464 5150 Fdiir
1485 5085 1562 5172 quia
1572 5082 1729 5171 Apostoli
1740 5081 1981 5151 transtulerunt
2002 5085 2089 5151 diem
2105 5085 2186 5152 Sab

1203 5170 1274 5238 buti
1292 5169 1329 5236 in
1350 5171 1491 5259 prinum
1512 5171 1599 5238 dien
1619 5173 1839 5260 neptimae,
1856 5193 1958 5260 quem
1975 5172 2187 5241 nonnemo:
