<?xml version="1.0" encoding="UTF-8"?>
<!DOCTYPE html PUBLIC "-//W3C//DTD XHTML 1.0 Transitional//EN"
    "http://www.w3.org/TR/xhtml1/DTD/xhtml1-transitional.dtd">
<html xmlns="http://www.w3.org/1999/xhtml" xml:lang="en" lang="en">
 <head>
  <title>
</title>
<meta http-equiv="Content-Type" content="text/html;charset=utf-8" />
  <meta name='ocr-system' content='tesseract 3.04.00' />
  <meta name='ocr-capabilities' content='ocr_page ocr_carea ocr_par ocr_line ocrx_word'/>
</head>
<body>
  <div class='ocr_page' id='page_1' title='image "./corpusreformato15melagoog_0106.png"; bbox 0 0 4620 5588; ppageno 0'>
   <div class='ocr_carea' id='block_1_1' title="bbox 166 173 2185 264">
    <p class='ocr_par' dir='ltr' id='par_1_1' title="bbox 166 173 2185 264">
     <span class='ocr_line' id='line_1_1' title="bbox 166 173 2185 264; baseline 0.003 -23"><span class='ocrx_word' id='word_1_1' title='bbox 166 179 235 249; x_wconf 75' lang='lat' dir='ltr'>,rot</span> <span class='ocrx_word' id='word_1_2' title='bbox 856 173 1496 245; x_wconf 73' lang='lat' dir='ltr'>eosrmnrnraaar&#39;ruomnns.</span> <span class='ocrx_word' id='word_1_3' title='bbox 2120 177 2185 264; x_wconf 76' lang='lat' dir='ltr'>rac</span> 
     </span>
    </p>
   </div>
   <div class='ocr_carea' id='block_1_2' title="bbox 170 363 2221 3991">
    <p class='ocr_par' dir='ltr' id='par_1_2' title="bbox 170 363 2221 3991">
     <span class='ocr_line' id='line_1_2' title="bbox 171 363 2184 454; baseline 0.001 -20"><span class='ocrx_word' id='word_1_4' title='bbox 171 365 496 436; x_wconf 73' lang='lat' dir='ltr'>omnibusttrticulis</span> <span class='ocrx_word' id='word_1_5' title='bbox 520 366 612 447; x_wconf 88' lang='lat' dir='ltr'>fidei,</span> <span class='ocrx_word' id='word_1_6' title='bbox 646 370 735 454; x_wconf 89' lang='lat' dir='ltr'>quod</span> <span class='ocrx_word' id='word_1_7' title='bbox 763 365 949 432; x_wconf 87' lang='lat' dir='ltr'>nominatur</span> <span class='ocrx_word' id='word_1_8' title='bbox 971 368 1152 450; x_wconf 74' lang='lat' dir='ltr'><em>Symbolum</em></span> <span class='ocrx_word' id='word_1_9' title='bbox 1291 364 1553 431; x_wconf 87' lang='lat' dir='ltr'>Pulcherrimum</span> <span class='ocrx_word' id='word_1_10' title='bbox 1570 380 1660 430; x_wconf 88' lang='lat' dir='ltr'>certe</span> <span class='ocrx_word' id='word_1_11' title='bbox 1671 365 1776 431; x_wconf 87' lang='lat' dir='ltr'>decus</span> <span class='ocrx_word' id='word_1_12' title='bbox 1791 377 1843 432; x_wconf 85' lang='lat' dir='ltr'>est</span> <span class='ocrx_word' id='word_1_13' title='bbox 1853 363 2038 445; x_wconf 86' lang='lat' dir='ltr'>Ecclesiae,</span> <span class='ocrx_word' id='word_1_14' title='bbox 2050 369 2184 453; x_wconf 85' lang='lat' dir='ltr'>quando</span> 
     </span>
     <span class='ocr_line' id='line_1_3' title="bbox 170 448 2185 540; baseline -0.001 -17"><span class='ocrx_word' id='word_1_15' title='bbox 170 460 356 523; x_wconf 78' lang='lat' dir='ltr'>llicuctttttn·</span> <span class='ocrx_word' id='word_1_16' title='bbox 773 486 778 493; x_wconf 94' lang='lat'><em>·</em></span> <span class='ocrx_word' id='word_1_17' title='bbox 1206 451 1314 533; x_wconf 87' lang='lat' dir='ltr'>capita</span> <span class='ocrx_word' id='word_1_18' title='bbox 1343 452 1566 517; x_wconf 88' lang='lat' dir='ltr'>consentiunt:</span> <span class='ocrx_word' id='word_1_19' title='bbox 1593 454 1679 517; x_wconf 90' lang='lat' dir='ltr'>sicut</span> <span class='ocrx_word' id='word_1_20' title='bbox 1707 448 1802 516; x_wconf 89' lang='lat' dir='ltr'>Plato</span> <span class='ocrx_word' id='word_1_21' title='bbox 1830 453 1945 538; x_wconf 87' lang='lat' dir='ltr'>iuquit:</span> <span class='ocrx_word' id='word_1_22' title='bbox 1975 452 2041 517; x_wconf 76' lang='lat' dir='ltr'>alte</span> <span class='ocrx_word' id='word_1_23' title='bbox 2062 452 2185 540; x_wconf 74' lang='grc' dir='ltr'>χρυσὸς,</span> 
     </span>
     <span class='ocr_line' id='line_1_4' title="bbox 257 533 2186 628; baseline 0.001 -23"><span class='ocrx_word' id='word_1_24' title='bbox 257 542 405 607; x_wconf 84' lang='lat' dir='ltr'>Potesne</span> <span class='ocrx_word' id='word_1_25' title='bbox 430 537 495 606; x_wconf 88' lang='lat' dir='ltr'>hoc</span> <span class='ocrx_word' id='word_1_26' title='bbox 517 537 684 605; x_wconf 76' lang='lat' dir='ltr'>recitare?</span> <span class='ocrx_word' id='word_1_27' title='bbox 729 536 896 610; x_wconf 87' lang='lat' dir='ltr'>Quantmu</span> <span class='ocrx_word' id='word_1_28' title='bbox 919 550 970 604; x_wconf 92' lang='lat' dir='ltr'>est</span> <span class='ocrx_word' id='word_1_29' title='bbox 993 538 1152 615; x_wconf 89' lang='lat' dir='ltr'>dedecus,</span> <span class='ocrx_word' id='word_1_30' title='bbox 1205 535 1271 600; x_wconf 72' lang='lat' dir='ltr'>ota</span> <span class='ocrx_word' id='word_1_31' title='bbox 1294 534 1416 618; x_wconf 78' lang='grc' dir='ltr'><strong><em>ἀδάμας</em></strong></span> <span class='ocrx_word' id='word_1_32' title='bbox 1445 533 1538 613; x_wconf 75' lang='lat' dir='ltr'>cirac</span> <span class='ocrx_word' id='word_1_33' title='bbox 1565 536 1746 622; x_wconf 76' lang='grc' dir='ltr'><em>ἀστράπτει,</em></span> <span class='ocrx_word' id='word_1_34' title='bbox 1781 534 1885 624; x_wconf 61' lang='grc' dir='ltr'><strong><em>ὥσπερ</em></strong></span> <span class='ocrx_word' id='word_1_35' title='bbox 1916 536 2045 621; x_wconf 55' lang='grc' dir='ltr'><em>ἀγαθῶν</em></span> <span class='ocrx_word' id='word_1_36' title='bbox 2067 538 2186 628; x_wconf 74' lang='grc' dir='ltr'>ἀνδροῖν</span> 
     </span>
     <span class='ocr_line' id='line_1_5' title="bbox 171 622 2187 715; baseline 0 -22"><span class='ocrx_word' id='word_1_37' title='bbox 171 628 260 715; x_wconf 88' lang='lat' dir='ltr'>quod</span> <span class='ocrx_word' id='word_1_38' title='bbox 282 627 492 712; x_wconf 87' lang='lat' dir='ltr'>reperiuntur</span> <span class='ocrx_word' id='word_1_39' title='bbox 509 627 542 689; x_wconf 95' lang='lat' dir='ltr'>in</span> <span class='ocrx_word' id='word_1_40' title='bbox 560 636 673 691; x_wconf 88' lang='lat' dir='ltr'>vestro</span> <span class='ocrx_word' id='word_1_41' title='bbox 693 635 802 703; x_wconf 90' lang='lat' dir='ltr'>coetu,</span> <span class='ocrx_word' id='word_1_42' title='bbox 847 627 880 690; x_wconf 91' lang='lat' dir='ltr'>ui</span> <span class='ocrx_word' id='word_1_43' title='bbox 899 626 983 690; x_wconf 89' lang='lat' dir='ltr'>adeo</span> <span class='ocrx_word' id='word_1_44' title='bbox 1001 635 1079 688; x_wconf 89' lang='lat' dir='ltr'>sunt</span> <span class='ocrx_word' id='word_1_45' title='bbox 1095 644 1154 688; x_wconf 92' lang='lat' dir='ltr'>ne·</span> <span class='ocrx_word' id='word_1_46' title='bbox 1205 623 1272 698; x_wconf 82' lang='grc' dir='ltr'><strong><em>νόος</em></strong></span> <span class='ocrx_word' id='word_1_47' title='bbox 1293 622 1509 709; x_wconf 67' lang='lat' dir='ltr'>scrupulum.</span> <span class='ocrx_word' id='word_1_48' title='bbox 1554 623 1632 690; x_wconf 90' lang='lat' dir='ltr'>Non</span> <span class='ocrx_word' id='word_1_49' title='bbox 1653 627 1701 689; x_wconf 87' lang='lat' dir='ltr'>ita</span> <span class='ocrx_word' id='word_1_50' title='bbox 1723 643 1854 697; x_wconf 84' lang='lat' dir='ltr'>amum,</span> <span class='ocrx_word' id='word_1_51' title='bbox 1883 643 1948 690; x_wconf 88' lang='lat' dir='ltr'>non</span> <span class='ocrx_word' id='word_1_52' title='bbox 1976 628 2116 693; x_wconf 83' lang='lat' dir='ltr'>adamas</span> <span class='ocrx_word' id='word_1_53' title='bbox 2137 633 2187 693; x_wconf 84' lang='lat' dir='ltr'>ltu</span> 
     </span>
     <span class='ocr_line' id='line_1_6' title="bbox 170 646 2186 803; baseline -0.001 -23"><span class='ocrx_word' id='word_1_54' title='bbox 170 711 350 803; x_wconf 73' lang='lat' dir='ltr'>gligentes,</span> <span class='ocrx_word' id='word_1_55' title='bbox 371 723 408 778; x_wconf 92' lang='grc' dir='ltr'>ιιι</span> <span class='ocrx_word' id='word_1_56' title='bbox 429 734 497 777; x_wconf 89' lang='lat' dir='ltr'>uon</span> <span class='ocrx_word' id='word_1_57' title='bbox 542 712 651 776; x_wconf 89' lang='lat' dir='ltr'>ossiut</span> <span class='ocrx_word' id='word_1_58' title='bbox 672 712 812 775; x_wconf 88' lang='lat' dir='ltr'>recitare</span> <span class='ocrx_word' id='word_1_59' title='bbox 825 646 997 798; x_wconf 57' lang='lat' dir='ltr'>Eymbola.</span> <span class='ocrx_word' id='word_1_60' title='bbox 1031 708 1152 775; x_wconf 86' lang='lat' dir='ltr'>Dicam</span> <span class='ocrx_word' id='word_1_61' title='bbox 1200 702 1354 794; x_wconf 74' lang='lat' dir='ltr'>sulpurei</span> <span class='ocrx_word' id='word_1_62' title='bbox 1376 710 1416 775; x_wconf 86' lang='lat' dir='ltr'>oh</span> <span class='ocrx_word' id='word_1_63' title='bbox 1437 712 1558 789; x_wconf 84' lang='lat' dir='ltr'>oculos,</span> <span class='ocrx_word' id='word_1_64' title='bbox 1579 713 1664 777; x_wconf 82' lang='lat' dir='ltr'>cient</span> <span class='ocrx_word' id='word_1_65' title='bbox 1686 711 1839 776; x_wconf 86' lang='lat' dir='ltr'>bonorum</span> <span class='ocrx_word' id='word_1_66' title='bbox 1860 731 2042 779; x_wconf 74' lang='lat' dir='ltr'>curuantur.</span> <span class='ocrx_word' id='word_1_67' title='bbox 2076 711 2186 779; x_wconf 86' lang='lat' dir='ltr'>Utitur</span> 
     </span>
     <span class='ocr_line' id='line_1_7' title="bbox 171 732 2187 884; baseline 0 -19"><span class='ocrx_word' id='word_1_68' title='bbox 171 802 269 865; x_wconf 92' lang='lat' dir='ltr'>vobis</span> <span class='ocrx_word' id='word_1_69' title='bbox 292 796 423 865; x_wconf 76' lang='lat' dir='ltr'><strong>stultam</strong></span> <span class='ocrx_word' id='word_1_70' title='bbox 447 732 603 862; x_wconf 78' lang='lat' dir='ltr'>labellum</span> <span class='ocrx_word' id='word_1_71' title='bbox 627 797 669 860; x_wconf 88' lang='lat' dir='ltr'>dc</span> <span class='ocrx_word' id='word_1_72' title='bbox 690 793 807 861; x_wconf 86' lang='lat' dir='ltr'>Valla:</span> <span class='ocrx_word' id='word_1_73' title='bbox 835 799 883 876; x_wconf 90' lang='lat' dir='ltr'>is,</span> <span class='ocrx_word' id='word_1_74' title='bbox 914 809 948 862; x_wconf 91' lang='lat' dir='ltr'>ut</span> <span class='ocrx_word' id='word_1_75' title='bbox 970 793 1030 861; x_wconf 89' lang='lat' dir='ltr'>iuit</span> <span class='ocrx_word' id='word_1_76' title='bbox 1051 793 1150 860; x_wconf 78' lang='lat' dir='ltr'>hoino</span> <span class='ocrx_word' id='word_1_77' title='bbox 1204 793 1272 862; x_wconf 86' lang='lat' dir='ltr'>hoc</span> <span class='ocrx_word' id='word_1_78' title='bbox 1294 796 1383 862; x_wconf 88' lang='lat' dir='ltr'>dicto</span> <span class='ocrx_word' id='word_1_79' title='bbox 1405 797 1448 862; x_wconf 88' lang='lat' dir='ltr'>ad</span> <span class='ocrx_word' id='word_1_80' title='bbox 1468 794 1666 884; x_wconf 88' lang='lat' dir='ltr'>Dionysium</span> <span class='ocrx_word' id='word_1_81' title='bbox 1689 796 1894 884; x_wconf 83' lang='lat' dir='ltr'><strong>Tyrannum,</strong></span> <span class='ocrx_word' id='word_1_82' title='bbox 1918 799 2029 883; x_wconf 87' lang='lat' dir='ltr'>quiin</span> <span class='ocrx_word' id='word_1_83' title='bbox 2053 796 2187 865; x_wconf 79' lang='lat' dir='ltr'>exilium</span> 
     </span>
     <span class='ocr_line' id='line_1_8' title="bbox 172 879 2186 970; baseline 0 -19"><span class='ocrx_word' id='word_1_84' title='bbox 172 888 322 963; x_wconf 84' lang='lat' dir='ltr'>rixosus,</span> <span class='ocrx_word' id='word_1_85' title='bbox 360 904 483 968; x_wconf 86' lang='lat' dir='ltr'>magna</span> <span class='ocrx_word' id='word_1_86' title='bbox 515 883 729 949; x_wconf 71' lang='lat' dir='ltr'>contentione</span> <span class='ocrx_word' id='word_1_87' title='bbox 764 883 932 947; x_wconf 81' lang='lat' dir='ltr'>contendit</span> <span class='ocrx_word' id='word_1_88' title='bbox 964 879 1151 970; x_wconf 89' lang='lat' dir='ltr'>symbolum</span> <span class='ocrx_word' id='word_1_89' title='bbox 1205 883 1352 948; x_wconf 87' lang='lat' dir='ltr'>eiecerat</span> <span class='ocrx_word' id='word_1_90' title='bbox 1382 881 1524 949; x_wconf 83' lang='lat' dir='ltr'>Dionem</span> <span class='ocrx_word' id='word_1_91' title='bbox 1547 896 1581 948; x_wconf 92' lang='lat' dir='ltr'>et</span> <span class='ocrx_word' id='word_1_92' title='bbox 1601 881 1793 949; x_wconf 80' lang='lat' dir='ltr'><strong>Eudemum.</strong></span> <span class='ocrx_word' id='word_1_93' title='bbox 1826 882 1996 950; x_wconf 84' lang='lat' dir='ltr'><strong>Eudemus</strong></span> <span class='ocrx_word' id='word_1_94' title='bbox 2029 882 2090 949; x_wconf 78' lang='lat' dir='ltr'>t&#39;uit</span> <span class='ocrx_word' id='word_1_95' title='bbox 2110 884 2186 953; x_wconf 75' lang='lat' dir='ltr'>Art·</span> 
     </span>
     <span class='ocr_line' id='line_1_9' title="bbox 172 965 2186 1056; baseline -0.002 -18"><span class='ocrx_word' id='word_1_96' title='bbox 172 969 410 1056; x_wconf 76' lang='lat' dir='ltr'>Apostolorum</span> <span class='ocrx_word' id='word_1_97' title='bbox 445 990 522 1035; x_wconf 86' lang='lat' dir='ltr'>esse</span> <span class='ocrx_word' id='word_1_98' title='bbox 544 966 671 1036; x_wconf 85' lang='lat' dir='ltr'>iactum</span> <span class='ocrx_word' id='word_1_99' title='bbox 701 969 733 1032; x_wconf 92' lang='lat' dir='ltr'>in</span> <span class='ocrx_word' id='word_1_100' title='bbox 757 966 895 1055; x_wconf 87' lang='lat' dir='ltr'>Synodo</span> <span class='ocrx_word' id='word_1_101' title='bbox 917 968 1086 1049; x_wconf 89' lang='lat' dir='ltr'>Nicaena,</span> <span class='ocrx_word' id='word_1_102' title='bbox 1119 979 1152 1031; x_wconf 89' lang='lat' dir='ltr'>et</span> <span class='ocrx_word' id='word_1_103' title='bbox 1205 965 1335 1034; x_wconf 90' lang='lat' dir='ltr'>stotelis</span> <span class='ocrx_word' id='word_1_104' title='bbox 1365 969 1510 1049; x_wconf 87' lang='lat' dir='ltr'>amicus,</span> <span class='ocrx_word' id='word_1_105' title='bbox 1547 970 1602 1036; x_wconf 89' lang='lat' dir='ltr'>cui</span> <span class='ocrx_word' id='word_1_106' title='bbox 1634 970 1804 1054; x_wconf 78' lang='lat' dir='ltr'>inscripsit</span> <span class='ocrx_word' id='word_1_107' title='bbox 1836 967 1954 1034; x_wconf 88' lang='lat' dir='ltr'>Ethica</span> <span class='ocrx_word' id='word_1_108' title='bbox 1987 991 2064 1036; x_wconf 89' lang='lat' dir='ltr'>sua:</span> <span class='ocrx_word' id='word_1_109' title='bbox 2096 968 2186 1047; x_wconf 83' lang='lat' dir='ltr'>Dion</span> 
     </span>
     <span class='ocr_line' id='line_1_10' title="bbox 172 1051 2187 1142; baseline 0 -19"><span class='ocrx_word' id='word_1_110' title='bbox 172 1079 238 1124; x_wconf 87' lang='lat' dir='ltr'>non</span> <span class='ocrx_word' id='word_1_111' title='bbox 261 1077 339 1122; x_wconf 87' lang='lat' dir='ltr'>esse</span> <span class='ocrx_word' id='word_1_112' title='bbox 359 1054 610 1142; x_wconf 86' lang='lat' dir='ltr'>Apostolorum.</span> <span class='ocrx_word' id='word_1_113' title='bbox 655 1053 861 1139; x_wconf 78' lang='lat' dir='ltr'><strong>Quamquam</strong></span> <span class='ocrx_word' id='word_1_114' title='bbox 887 1066 996 1120; x_wconf 86' lang='lat' dir='ltr'>autern</span> <span class='ocrx_word' id='word_1_115' title='bbox 1018 1067 1071 1119; x_wconf 90' lang='lat' dir='ltr'>est</span> <span class='ocrx_word' id='word_1_116' title='bbox 1093 1055 1152 1119; x_wconf 93' lang='lat' dir='ltr'>bo·</span> <span class='ocrx_word' id='word_1_117' title='bbox 1205 1051 1355 1120; x_wconf 89' lang='lat' dir='ltr'>Platonis</span> <span class='ocrx_word' id='word_1_118' title='bbox 1388 1056 1514 1121; x_wconf 87' lang='lat' dir='ltr'>amicus</span> <span class='ocrx_word' id='word_1_119' title='bbox 1548 1052 1618 1121; x_wconf 86' lang='lat' dir='ltr'>fuit.</span> <span class='ocrx_word' id='word_1_120' title='bbox 1665 1053 1761 1122; x_wconf 90' lang='lat' dir='ltr'>Plato</span> <span class='ocrx_word' id='word_1_121' title='bbox 1795 1051 1920 1140; x_wconf 83' lang='lat' dir='ltr'>allegat</span> <span class='ocrx_word' id='word_1_122' title='bbox 1953 1053 2034 1122; x_wconf 89' lang='lat' dir='ltr'>illud</span> <span class='ocrx_word' id='word_1_123' title='bbox 2062 1056 2187 1123; x_wconf 88' lang='lat' dir='ltr'>dietum</span> 
     </span>
     <span class='ocr_line' id='line_1_11' title="bbox 172 1139 2186 1227; baseline -0 -18"><span class='ocrx_word' id='word_1_124' title='bbox 172 1166 236 1210; x_wconf 91' lang='lat' dir='ltr'>nus</span> <span class='ocrx_word' id='word_1_125' title='bbox 259 1143 521 1220; x_wconf 87' lang='lat' dir='ltr'>Grammaticus,</span> <span class='ocrx_word' id='word_1_126' title='bbox 554 1153 661 1207; x_wconf 89' lang='lat' dir='ltr'>tamen</span> <span class='ocrx_word' id='word_1_127' title='bbox 685 1142 728 1205; x_wconf 90' lang='lat' dir='ltr'>ibi</span> <span class='ocrx_word' id='word_1_128' title='bbox 752 1143 895 1206; x_wconf 85' lang='lat' dir='ltr'>erratio</span> <span class='ocrx_word' id='word_1_129' title='bbox 919 1141 1153 1220; x_wconf 76' lang='lat' dir='ltr'>Grammatico,</span> <span class='ocrx_word' id='word_1_130' title='bbox 1206 1161 1246 1206; x_wconf 87' lang='lat' dir='ltr'>ex</span> <span class='ocrx_word' id='word_1_131' title='bbox 1269 1142 1373 1208; x_wconf 90' lang='lat' dir='ltr'>veteri</span> <span class='ocrx_word' id='word_1_132' title='bbox 1394 1154 1565 1227; x_wconf 74' lang='lat' dir='ltr'>poemate:</span> <span class='ocrx_word' id='word_1_133' title='bbox 1592 1143 1670 1227; x_wconf 83' lang='lat' dir='ltr'>quia</span> <span class='ocrx_word' id='word_1_134' title='bbox 1692 1143 1860 1226; x_wconf 89' lang='lat' dir='ltr'>sapientes</span> <span class='ocrx_word' id='word_1_135' title='bbox 1883 1139 2092 1208; x_wconf 87' lang='lat' dir='ltr'>delectantur</span> <span class='ocrx_word' id='word_1_136' title='bbox 2112 1141 2186 1209; x_wconf 91' lang='lat' dir='ltr'>tali·</span> 
     </span>
     <span class='ocr_line' id='line_1_12' title="bbox 172 1226 2221 1317; baseline 0 -22"><span class='ocrx_word' id='word_1_137' title='bbox 172 1229 328 1317; x_wconf 80' lang='lat' dir='ltr'>allegavit</span> <span class='ocrx_word' id='word_1_138' title='bbox 361 1250 422 1313; x_wconf 88' lang='lat' dir='ltr'>pro</span> <span class='ocrx_word' id='word_1_139' title='bbox 445 1250 483 1293; x_wconf 87' lang='lat' dir='ltr'>se</span> <span class='ocrx_word' id='word_1_140' title='bbox 506 1229 593 1292; x_wconf 86' lang='lat' dir='ltr'>dicta</span> <span class='ocrx_word' id='word_1_141' title='bbox 616 1249 658 1292; x_wconf 86' lang='lat' dir='ltr'>ex</span> <span class='ocrx_word' id='word_1_142' title='bbox 681 1226 839 1292; x_wconf 82' lang='lat' dir='ltr'>Decretis</span> <span class='ocrx_word' id='word_1_143' title='bbox 861 1248 982 1314; x_wconf 80' lang='lat' dir='ltr'>magno</span> <span class='ocrx_word' id='word_1_144' title='bbox 1006 1247 1152 1293; x_wconf 88' lang='lat' dir='ltr'>numero.</span> <span class='ocrx_word' id='word_1_145' title='bbox 1207 1230 1270 1293; x_wconf 92' lang='lat' dir='ltr'>bus</span> <span class='ocrx_word' id='word_1_146' title='bbox 1293 1229 1390 1294; x_wconf 87' lang='lat' dir='ltr'>dictis</span> <span class='ocrx_word' id='word_1_147' title='bbox 1414 1229 1456 1293; x_wconf 90' lang='lat' dir='ltr'>dc</span> <span class='ocrx_word' id='word_1_148' title='bbox 1476 1228 1586 1295; x_wconf 89' lang='lat' dir='ltr'>studio</span> <span class='ocrx_word' id='word_1_149' title='bbox 1609 1228 1818 1300; x_wconf 77' lang='lat' dir='ltr'>concordiae,</span> <span class='ocrx_word' id='word_1_150' title='bbox 1842 1241 1975 1312; x_wconf 83' lang='lat' dir='ltr'>quaest</span> <span class='ocrx_word' id='word_1_151' title='bbox 1995 1230 2188 1297; x_wconf 86' lang='lat' dir='ltr'>necessaria</span> <span class='ocrx_word' id='word_1_152' title='bbox 2219 1268 2221 1273; x_wconf 59' lang='lat'>&lt;</span> 
     </span>
     <span class='ocr_line' id='line_1_13' title="bbox 174 1310 2187 1402; baseline -0.001 -19"><span class='ocrx_word' id='word_1_153' title='bbox 174 1317 240 1383; x_wconf 84' lang='lat' dir='ltr'>Res</span> <span class='ocrx_word' id='word_1_154' title='bbox 274 1337 334 1402; x_wconf 88' lang='lat' dir='ltr'>per</span> <span class='ocrx_word' id='word_1_155' title='bbox 361 1317 503 1383; x_wconf 92' lang='lat' dir='ltr'>triduum</span> <span class='ocrx_word' id='word_1_156' title='bbox 530 1315 661 1400; x_wconf 80' lang='lat' dir='ltr'>magnis</span> <span class='ocrx_word' id='word_1_157' title='bbox 691 1315 958 1380; x_wconf 87' lang='lat' dir='ltr'>contentionibus</span> <span class='ocrx_word' id='word_1_158' title='bbox 986 1324 1062 1378; x_wconf 86' lang='lat' dir='ltr'>acta</span> <span class='ocrx_word' id='word_1_159' title='bbox 1084 1324 1153 1377; x_wconf 83' lang='lat' dir='ltr'>est:</span> <span class='ocrx_word' id='word_1_160' title='bbox 1205 1313 1239 1379; x_wconf 89' lang='lat' dir='ltr'>in</span> <span class='ocrx_word' id='word_1_161' title='bbox 1271 1310 1458 1399; x_wconf 88' lang='lat' dir='ltr'>Republica</span> <span class='ocrx_word' id='word_1_162' title='bbox 1487 1326 1520 1379; x_wconf 92' lang='lat' dir='ltr'>et</span> <span class='ocrx_word' id='word_1_163' title='bbox 1541 1312 1708 1382; x_wconf 85' lang='lat' dir='ltr'>Ecclesia.</span> <span class='ocrx_word' id='word_1_164' title='bbox 1753 1312 1941 1380; x_wconf 79' lang='lat' dir='ltr'>Concordia</span> <span class='ocrx_word' id='word_1_165' title='bbox 1972 1335 2025 1381; x_wconf 77' lang='lat' dir='ltr'>res</span> <span class='ocrx_word' id='word_1_166' title='bbox 2059 1335 2187 1400; x_wconf 84' lang='lat' dir='ltr'>paruae</span> 
     </span>
     <span class='ocr_line' id='line_1_14' title="bbox 173 1398 2099 1549; baseline -0.002 -81"><span class='ocrx_word' id='word_1_167' title='bbox 173 1399 368 1488; x_wconf 85' lang='lat' dir='ltr'>Symbolum</span> <span class='ocrx_word' id='word_1_168' title='bbox 389 1398 629 1487; x_wconf 74' lang='lat' dir='ltr'>Apostolorum</span> <span class='ocrx_word' id='word_1_169' title='bbox 652 1418 731 1465; x_wconf 90' lang='lat' dir='ltr'>esse</span> <span class='ocrx_word' id='word_1_170' title='bbox 752 1399 938 1549; x_wconf 64' lang='lat' dir='ltr'>antitpuius,</span> <span class='ocrx_word' id='word_1_171' title='bbox 971 1402 1059 1486; x_wconf 88' lang='lat' dir='ltr'>quod</span> <span class='ocrx_word' id='word_1_172' title='bbox 1083 1420 1154 1464; x_wconf 88' lang='lat' dir='ltr'>cer·</span> <span class='ocrx_word' id='word_1_173' title='bbox 1205 1408 1365 1481; x_wconf 82' lang='lat' dir='ltr'>crescant,</span> <span class='ocrx_word' id='word_1_174' title='bbox 1387 1401 1558 1467; x_wconf 71' lang='lat' dir='ltr'>discordia</span> <span class='ocrx_word' id='word_1_175' title='bbox 1579 1402 1739 1466; x_wconf 78' lang='lat' dir='ltr'>:maximae</span> <span class='ocrx_word' id='word_1_176' title='bbox 1759 1401 1957 1467; x_wconf 83' lang='lat' dir='ltr'>dilabuntur.</span> <span class='ocrx_word' id='word_1_177' title='bbox 2001 1400 2099 1467; x_wconf 86' lang='lat' dir='ltr'>item:</span> 
     </span>
     <span class='ocr_line' id='line_1_15' title="bbox 172 1482 1153 1572; baseline -0.004 -18"><span class='ocrx_word' id='word_1_178' title='bbox 172 1502 241 1555; x_wconf 91' lang='lat' dir='ltr'>tum</span> <span class='ocrx_word' id='word_1_179' title='bbox 271 1501 343 1568; x_wconf 90' lang='lat' dir='ltr'>est,</span> <span class='ocrx_word' id='word_1_180' title='bbox 376 1489 450 1553; x_wconf 88' lang='lat' dir='ltr'>sive</span> <span class='ocrx_word' id='word_1_181' title='bbox 472 1487 537 1571; x_wconf 91' lang='lat' dir='ltr'>ipsi</span> <span class='ocrx_word' id='word_1_182' title='bbox 559 1482 727 1572; x_wconf 81' lang='lat' dir='ltr'>Apostoli,</span> <span class='ocrx_word' id='word_1_183' title='bbox 760 1506 826 1571; x_wconf 90' lang='lat' dir='ltr'>quo</span> <span class='ocrx_word' id='word_1_184' title='bbox 872 1496 925 1550; x_wconf 90' lang='lat' dir='ltr'>est</span> <span class='ocrx_word' id='word_1_185' title='bbox 946 1487 1023 1551; x_wconf 90' lang='lat' dir='ltr'>mihi</span> <span class='ocrx_word' id='word_1_186' title='bbox 1046 1486 1153 1551; x_wconf 87' lang='lat' dir='ltr'>credi·</span> 
     </span>
     <span class='ocr_line' id='line_1_16' title="bbox 171 1546 2028 1657; baseline -0.002 -17"><span class='ocrx_word' id='word_1_187' title='bbox 171 1572 258 1654; x_wconf 86' lang='lat' dir='ltr'>bile,</span> <span class='ocrx_word' id='word_1_188' title='bbox 285 1575 331 1640; x_wconf 81' lang='lat' dir='ltr'>ita</span> <span class='ocrx_word' id='word_1_189' title='bbox 353 1575 438 1639; x_wconf 89' lang='lat' dir='ltr'>inter</span> <span class='ocrx_word' id='word_1_190' title='bbox 460 1592 498 1637; x_wconf 93' lang='lat' dir='ltr'>se</span> <span class='ocrx_word' id='word_1_191' title='bbox 522 1569 655 1638; x_wconf 89' lang='lat' dir='ltr'>collatis</span> <span class='ocrx_word' id='word_1_192' title='bbox 677 1572 851 1636; x_wconf 81' lang='lat' dir='ltr'>sententiis</span> <span class='ocrx_word' id='word_1_193' title='bbox 881 1573 1153 1657; x_wconf 83' lang='lat' dir='ltr'>conscripserint,</span> <span class='ocrx_word' id='word_1_194' title='bbox 1295 1576 1334 1585; x_wconf 77' lang='grc'>’“”</span> <span class='ocrx_word' id='word_1_195' title='bbox 1358 1556 1432 1643; x_wconf 57' lang='grc' dir='ltr'>ΜΨ</span> <span class='ocrx_word' id='word_1_196' title='bbox 1455 1546 1586 1645; x_wconf 59' lang='grc' dir='ltr'><strong><em>ωῗῑῖἴα</em></strong></span> <span class='ocrx_word' id='word_1_197' title='bbox 1604 1557 1706 1645; x_wconf 54' lang='lat' dir='ltr'>wilm</span> <span class='ocrx_word' id='word_1_198' title='bbox 2019 1627 2028 1644; x_wconf 83' lang='grc'><strong>,</strong></span> 
     </span>
     <span class='ocr_line' id='line_1_17' title="bbox 172 1624 2048 1744; baseline -0.003 -17"><span class='ocrx_word' id='word_1_199' title='bbox 172 1663 245 1727; x_wconf 88' lang='lat' dir='ltr'>sive</span> <span class='ocrx_word' id='word_1_200' title='bbox 267 1661 358 1727; x_wconf 90' lang='lat' dir='ltr'>circa</span> <span class='ocrx_word' id='word_1_201' title='bbox 379 1656 436 1725; x_wconf 87' lang='lat' dir='ltr'>illa</span> <span class='ocrx_word' id='word_1_202' title='bbox 453 1670 615 1744; x_wconf 84' lang='lat' dir='ltr'>tempora,</span> <span class='ocrx_word' id='word_1_203' title='bbox 638 1658 808 1723; x_wconf 86' lang='lat' dir='ltr'>auditores</span> <span class='ocrx_word' id='word_1_204' title='bbox 818 1653 1057 1742; x_wconf 85' lang='lat' dir='ltr'>Apostolorum</span> <span class='ocrx_word' id='word_1_205' title='bbox 1075 1677 1153 1723; x_wconf 88' lang='lat' dir='ltr'>oon·</span> <span class='ocrx_word' id='word_1_206' title='bbox 1293 1624 1455 1689; x_wconf 55' lang='lat' dir='ltr'>mmm</span> <span class='ocrx_word' id='word_1_207' title='bbox 1476 1633 1575 1704; x_wconf 50' lang='lat' dir='ltr'>&#39;&#39;mi‘’</span> <span class='ocrx_word' id='word_1_208' title='bbox 1599 1625 1745 1708; x_wconf 58' lang='lat' dir='ltr'>&#39;&#39;d&#39;w&#39;l&#39;oe</span> <span class='ocrx_word' id='word_1_209' title='bbox 1766 1625 1919 1707; x_wconf 56' lang='lat' dir='ltr'>mmm</span> <span class='ocrx_word' id='word_1_210' title='bbox 1940 1633 2048 1690; x_wconf 57' lang='lat' dir='ltr'>&#39;mn&#39;</span> 
     </span>
     <span class='ocr_line' id='line_1_18' title="bbox 172 1739 2186 1835; baseline 0.001 -24"><span class='ocrx_word' id='word_1_211' title='bbox 172 1749 380 1835; x_wconf 86' lang='lat' dir='ltr'>scripserint,</span> <span class='ocrx_word' id='word_1_212' title='bbox 415 1749 588 1828; x_wconf 83' lang='lat' dir='ltr'>acceptum</span> <span class='ocrx_word' id='word_1_213' title='bbox 611 1745 654 1809; x_wconf 88' lang='lat' dir='ltr'>uh</span> <span class='ocrx_word' id='word_1_214' title='bbox 677 1739 864 1829; x_wconf 89' lang='lat' dir='ltr'>Apostolis.</span> <span class='ocrx_word' id='word_1_215' title='bbox 918 1744 1012 1810; x_wconf 85' lang='lat' dir='ltr'>Sicut</span> <span class='ocrx_word' id='word_1_216' title='bbox 1044 1741 1154 1828; x_wconf 91' lang='lat' dir='ltr'>polam</span> <span class='ocrx_word' id='word_1_217' title='bbox 1294 1744 1369 1810; x_wconf 86' lang='lat' dir='ltr'>Fuit</span> <span class='ocrx_word' id='word_1_218' title='bbox 1401 1746 1564 1809; x_wconf 88' lang='lat' dir='ltr'>unanimis</span> <span class='ocrx_word' id='word_1_219' title='bbox 1597 1743 1766 1811; x_wconf 85' lang='lat' dir='ltr'>consessio</span> <span class='ocrx_word' id='word_1_220' title='bbox 1794 1742 1921 1810; x_wconf 88' lang='lat' dir='ltr'>articuli</span> <span class='ocrx_word' id='word_1_221' title='bbox 1946 1743 2033 1811; x_wconf 89' lang='lat' dir='ltr'>illius</span> <span class='ocrx_word' id='word_1_222' title='bbox 2056 1747 2131 1812; x_wconf 89' lang='lat' dir='ltr'>iidei</span> <span class='ocrx_word' id='word_1_223' title='bbox 2153 1750 2186 1814; x_wconf 88' lang='lat' dir='ltr'>in</span> 
     </span>
     <span class='ocr_line' id='line_1_19' title="bbox 173 1829 2188 1918; baseline 0.001 -20"><span class='ocrx_word' id='word_1_224' title='bbox 173 1845 226 1898; x_wconf 91' lang='lat' dir='ltr'>est</span> <span class='ocrx_word' id='word_1_225' title='bbox 247 1854 288 1899; x_wconf 90' lang='lat' dir='ltr'>ex</span> <span class='ocrx_word' id='word_1_226' title='bbox 301 1832 499 1917; x_wconf 88' lang='lat' dir='ltr'>Epiphanio,</span> <span class='ocrx_word' id='word_1_227' title='bbox 521 1831 577 1918; x_wconf 88' lang='lat' dir='ltr'>qui</span> <span class='ocrx_word' id='word_1_228' title='bbox 598 1831 801 1896; x_wconf 86' lang='lat' dir='ltr'>adverbum</span> <span class='ocrx_word' id='word_1_229' title='bbox 823 1830 950 1896; x_wconf 87' lang='lat' dir='ltr'>recitat.</span> <span class='ocrx_word' id='word_1_230' title='bbox 974 1829 1043 1896; x_wconf 84' lang='lat' dir='ltr'>Sed</span> <span class='ocrx_word' id='word_1_231' title='bbox 1064 1831 1154 1918; x_wconf 85' lang='lat' dir='ltr'>quod</span> <span class='ocrx_word' id='word_1_232' title='bbox 1207 1845 1349 1916; x_wconf 90' lang='lat' dir='ltr'>utroque</span> <span class='ocrx_word' id='word_1_233' title='bbox 1371 1851 1543 1896; x_wconf 83' lang='lat' dir='ltr'>sermone:</span> <span class='ocrx_word' id='word_1_234' title='bbox 1567 1831 1604 1896; x_wconf 89' lang='lat' dir='ltr'>ln</span> <span class='ocrx_word' id='word_1_235' title='bbox 1626 1853 1781 1897; x_wconf 89' lang='lat' dir='ltr'>sermone</span> <span class='ocrx_word' id='word_1_236' title='bbox 1809 1831 1983 1897; x_wconf 71' lang='lat' dir='ltr'>Elisabeth</span> <span class='ocrx_word' id='word_1_237' title='bbox 2005 1847 2039 1897; x_wconf 91' lang='lat' dir='ltr'>et</span> <span class='ocrx_word' id='word_1_238' title='bbox 2061 1832 2188 1900; x_wconf 83' lang='lat' dir='ltr'>Mariae</span> 
     </span>
     <span class='ocr_line' id='line_1_20' title="bbox 172 1915 2187 2004; baseline -0.001 -19"><span class='ocrx_word' id='word_1_239' title='bbox 172 1922 207 1986; x_wconf 93' lang='lat' dir='ltr'>in</span> <span class='ocrx_word' id='word_1_240' title='bbox 228 1916 361 2004; x_wconf 88' lang='lat' dir='ltr'>templis</span> <span class='ocrx_word' id='word_1_241' title='bbox 384 1918 529 1985; x_wconf 86' lang='lat' dir='ltr'>canitur:</span> <span class='ocrx_word' id='word_1_242' title='bbox 569 1915 676 1982; x_wconf 79' lang='lat' dir='ltr'>Credo</span> <span class='ocrx_word' id='word_1_243' title='bbox 704 1923 739 1983; x_wconf 82' lang='lat' dir='ltr'>tn</span> <span class='ocrx_word' id='word_1_244' title='bbox 760 1934 860 1983; x_wconf 76' lang='lat' dir='ltr'>annm</span> <span class='ocrx_word' id='word_1_245' title='bbox 881 1921 996 1997; x_wconf 81' lang='lat' dir='ltr'>neum,</span> <span class='ocrx_word' id='word_1_246' title='bbox 1023 1921 1155 1983; x_wconf 86' lang='lat' dir='ltr'>Putrem</span> <span class='ocrx_word' id='word_1_247' title='bbox 1208 1933 1347 2002; x_wconf 87' lang='lat' dir='ltr'>utraque</span> <span class='ocrx_word' id='word_1_248' title='bbox 1381 1917 1556 1983; x_wconf 87' lang='lat' dir='ltr'>confitetur</span> <span class='ocrx_word' id='word_1_249' title='bbox 1588 1929 1788 2004; x_wconf 88' lang='lat' dir='ltr'>conceptum</span> <span class='ocrx_word' id='word_1_250' title='bbox 1820 1920 1883 1983; x_wconf 89' lang='lat' dir='ltr'>iarn</span> <span class='ocrx_word' id='word_1_251' title='bbox 1907 1937 1985 1982; x_wconf 88' lang='lat' dir='ltr'>esse</span> <span class='ocrx_word' id='word_1_252' title='bbox 2017 1917 2187 1986; x_wconf 84' lang='lat' dir='ltr'>Messium.</span> 
     </span>
     <span class='ocr_line' id='line_1_21' title="bbox 173 1999 2188 2092; baseline -0.002 -18"><span class='ocrx_word' id='word_1_253' title='bbox 173 2014 438 2090; x_wconf 66' lang='lat' dir='ltr'>armipotentum</span> <span class='ocrx_word' id='word_1_254' title='bbox 469 2006 596 2082; x_wconf 89' lang='lat' dir='ltr'>idest,</span> <span class='ocrx_word' id='word_1_255' title='bbox 623 1999 818 2089; x_wconf 88' lang='lat' dir='ltr'>Symbolum</span> <span class='ocrx_word' id='word_1_256' title='bbox 840 2002 1033 2082; x_wconf 88' lang='lat' dir='ltr'>Nicaenum,</span> <span class='ocrx_word' id='word_1_257' title='bbox 1065 2003 1155 2089; x_wconf 85' lang='lat' dir='ltr'>quoti</span> <span class='ocrx_word' id='word_1_258' title='bbox 1207 2004 1302 2069; x_wconf 89' lang='lat' dir='ltr'>Haec</span> <span class='ocrx_word' id='word_1_259' title='bbox 1326 2016 1379 2067; x_wconf 87' lang='lat' dir='ltr'>est</span> <span class='ocrx_word' id='word_1_260' title='bbox 1401 2005 1580 2088; x_wconf 85' lang='lat' dir='ltr'>praecipua</span> <span class='ocrx_word' id='word_1_261' title='bbox 1598 2006 1750 2092; x_wconf 87' lang='lat' dir='ltr'>quaestio</span> <span class='ocrx_word' id='word_1_262' title='bbox 1772 2006 1806 2071; x_wconf 90' lang='lat' dir='ltr'>iu</span> <span class='ocrx_word' id='word_1_263' title='bbox 1829 2006 1893 2071; x_wconf 90' lang='lat' dir='ltr'>isto</span> <span class='ocrx_word' id='word_1_264' title='bbox 1915 2001 2093 2090; x_wconf 87' lang='lat' dir='ltr'>colloquio.</span> <span class='ocrx_word' id='word_1_265' title='bbox 2121 2005 2188 2071; x_wconf 90' lang='lat' dir='ltr'>lam</span> 
     </span>
     <span class='ocr_line' id='line_1_22' title="bbox 174 2085 2188 2175; baseline 0 -18"><span class='ocrx_word' id='word_1_266' title='bbox 174 2093 302 2158; x_wconf 90' lang='lat' dir='ltr'>etiarnsi</span> <span class='ocrx_word' id='word_1_267' title='bbox 323 2104 377 2156; x_wconf 89' lang='lat' dir='ltr'>est</span> <span class='ocrx_word' id='word_1_268' title='bbox 397 2092 484 2156; x_wconf 90' lang='lat' dir='ltr'>idem</span> <span class='ocrx_word' id='word_1_269' title='bbox 508 2111 583 2157; x_wconf 90' lang='lat' dir='ltr'>oum</span> <span class='ocrx_word' id='word_1_270' title='bbox 605 2086 759 2175; x_wconf 89' lang='lat' dir='ltr'>symbolo</span> <span class='ocrx_word' id='word_1_271' title='bbox 771 2085 1023 2174; x_wconf 88' lang='lat' dir='ltr'>Apostolorum,</span> <span class='ocrx_word' id='word_1_272' title='bbox 1046 2104 1155 2154; x_wconf 91' lang='lat' dir='ltr'>tamen</span> <span class='ocrx_word' id='word_1_273' title='bbox 1208 2093 1377 2156; x_wconf 87' lang='lat' dir='ltr'>discamus</span> <span class='ocrx_word' id='word_1_274' title='bbox 1400 2089 1597 2155; x_wconf 88' lang='lat' dir='ltr'>confirmare</span> <span class='ocrx_word' id='word_1_275' title='bbox 1620 2090 1717 2157; x_wconf 88' lang='lat' dir='ltr'>iidem</span> <span class='ocrx_word' id='word_1_276' title='bbox 1741 2092 1773 2155; x_wconf 92' lang='lat' dir='ltr'>in</span> <span class='ocrx_word' id='word_1_277' title='bbox 1798 2093 1894 2156; x_wconf 83' lang='lat' dir='ltr'>uobis</span> <span class='ocrx_word' id='word_1_278' title='bbox 1917 2092 2103 2157; x_wconf 89' lang='lat' dir='ltr'>testimonio</span> <span class='ocrx_word' id='word_1_279' title='bbox 2124 2091 2188 2158; x_wconf 90' lang='lat' dir='ltr'>Ec·</span> 
     </span>
     <span class='ocr_line' id='line_1_23' title="bbox 172 2173 1713 2263; baseline -0.001 -20"><span class='ocrx_word' id='word_1_280' title='bbox 172 2177 275 2244; x_wconf 83' lang='lat' dir='ltr'>habet</span> <span class='ocrx_word' id='word_1_281' title='bbox 298 2179 409 2243; x_wconf 90' lang='lat' dir='ltr'>addita</span> <span class='ocrx_word' id='word_1_282' title='bbox 431 2177 605 2263; x_wconf 88' lang='lat' dir='ltr'>quaedam,</span> <span class='ocrx_word' id='word_1_283' title='bbox 627 2196 712 2261; x_wconf 88' lang='lat' dir='ltr'>quae</span> <span class='ocrx_word' id='word_1_284' title='bbox 736 2173 905 2240; x_wconf 90' lang='lat' dir='ltr'>illustrant</span> <span class='ocrx_word' id='word_1_285' title='bbox 915 2173 1090 2241; x_wconf 88' lang='lat' dir='ltr'>articulum</span> <span class='ocrx_word' id='word_1_286' title='bbox 1113 2177 1156 2241; x_wconf 90' lang='lat' dir='ltr'>de</span> <span class='ocrx_word' id='word_1_287' title='bbox 1180 2202 1183 2251; x_wconf 87' lang='lat' dir='ltr'>t</span> <span class='ocrx_word' id='word_1_288' title='bbox 1209 2176 1333 2242; x_wconf 83' lang='lat' dir='ltr'>ciesiue</span> <span class='ocrx_word' id='word_1_289' title='bbox 1356 2176 1499 2241; x_wconf 88' lang='lat' dir='ltr'>omnium</span> <span class='ocrx_word' id='word_1_290' title='bbox 1518 2189 1713 2262; x_wconf 85' lang='lat' dir='ltr'>temporum.</span> 
     </span>
     <span class='ocr_line' id='line_1_24' title="bbox 173 2254 2189 2351; baseline -0 -22"><span class='ocrx_word' id='word_1_291' title='bbox 173 2262 357 2330; x_wconf 87' lang='lat' dir='ltr'>Divinitate</span> <span class='ocrx_word' id='word_1_292' title='bbox 376 2262 463 2342; x_wconf 80' lang='lat' dir='ltr'>Filii,</span> <span class='ocrx_word' id='word_1_293' title='bbox 498 2273 534 2328; x_wconf 91' lang='lat' dir='ltr'>ut</span> <span class='ocrx_word' id='word_1_294' title='bbox 550 2282 624 2326; x_wconf 88' lang='lat' dir='ltr'>cum</span> <span class='ocrx_word' id='word_1_295' title='bbox 648 2262 783 2326; x_wconf 86' lang='lat' dir='ltr'>dicitur:</span> <span class='ocrx_word' id='word_1_296' title='bbox 816 2265 919 2329; x_wconf 74' lang='lat' dir='ltr'>llercn</span> <span class='ocrx_word' id='word_1_297' title='bbox 941 2265 983 2327; x_wconf 82' lang='lat' dir='ltr'>dc</span> <span class='ocrx_word' id='word_1_298' title='bbox 1004 2261 1086 2341; x_wconf 88' lang='lat' dir='ltr'>Deo,</span> <span class='ocrx_word' id='word_1_299' title='bbox 1108 2254 1183 2351; x_wconf 71' lang='lat' dir='ltr'>lat-l</span> <span class='ocrx_word' id='word_1_300' title='bbox 1295 2261 1449 2348; x_wconf 80' lang='lat' dir='ltr'>Cogitate</span> <span class='ocrx_word' id='word_1_301' title='bbox 1483 2265 1597 2341; x_wconf 89' lang='lat' dir='ltr'>etiam,</span> <span class='ocrx_word' id='word_1_302' title='bbox 1631 2276 1754 2349; x_wconf 84' lang='lat' dir='ltr'>quantu</span> <span class='ocrx_word' id='word_1_303' title='bbox 1786 2260 1911 2326; x_wconf 88' lang='lat' dir='ltr'>laetitia</span> <span class='ocrx_word' id='word_1_304' title='bbox 1943 2259 2042 2328; x_wconf 82' lang='lat' dir='ltr'>fucrit</span> <span class='ocrx_word' id='word_1_305' title='bbox 2069 2264 2101 2328; x_wconf 91' lang='lat' dir='ltr'>in</span> <span class='ocrx_word' id='word_1_306' title='bbox 2124 2265 2189 2329; x_wconf 89' lang='lat' dir='ltr'>ista</span> 
     </span>
     <span class='ocr_line' id='line_1_25' title="bbox 173 2344 2190 2438; baseline -0.002 -20"><span class='ocrx_word' id='word_1_307' title='bbox 173 2370 248 2417; x_wconf 73' lang='lat' dir='ltr'>omn</span> <span class='ocrx_word' id='word_1_308' title='bbox 264 2353 451 2417; x_wconf 71' lang='lat' dir='ltr'>dommine:</span> <span class='ocrx_word' id='word_1_309' title='bbox 472 2350 516 2414; x_wconf 90' lang='lat' dir='ltr'>ibi</span> <span class='ocrx_word' id='word_1_310' title='bbox 536 2346 1154 2431; x_wconf 82' lang='lat' dir='ltr'>expresseruntsuumconsessionem,</span> <span class='ocrx_word' id='word_1_311' title='bbox 1180 2360 1184 2418; x_wconf 80' lang='lat' dir='ltr'>t</span> <span class='ocrx_word' id='word_1_312' title='bbox 1207 2344 1331 2435; x_wconf 82' lang='lat' dir='ltr'>puella,</span> <span class='ocrx_word' id='word_1_313' title='bbox 1355 2369 1429 2413; x_wconf 89' lang='lat' dir='ltr'>curu</span> <span class='ocrx_word' id='word_1_314' title='bbox 1452 2350 1553 2429; x_wconf 90' lang='lat' dir='ltr'>canit,</span> <span class='ocrx_word' id='word_1_315' title='bbox 1576 2351 1609 2412; x_wconf 90' lang='lat' dir='ltr'>in</span> <span class='ocrx_word' id='word_1_316' title='bbox 1627 2370 1772 2436; x_wconf 86' lang='lat' dir='ltr'>persona</span> <span class='ocrx_word' id='word_1_317' title='bbox 1784 2347 1973 2414; x_wconf 83' lang='lat' dir='ltr'>Ecclesiae:</span> <span class='ocrx_word' id='word_1_318' title='bbox 1996 2349 2190 2438; x_wconf 74' lang='lat' dir='ltr'>Moprtr&#39;ficut</span> 
     </span>
     <span class='ocr_line' id='line_1_26' title="bbox 175 2424 2188 2523; baseline -0 -20"><span class='ocrx_word' id='word_1_319' title='bbox 175 2438 267 2523; x_wconf 86' lang='lat' dir='ltr'>quod</span> <span class='ocrx_word' id='word_1_320' title='bbox 287 2434 392 2501; x_wconf 75' lang='lat' dir='ltr'>Pilius</span> <span class='ocrx_word' id='word_1_321' title='bbox 421 2436 465 2499; x_wconf 85' lang='lat' dir='ltr'>sit</span> <span class='ocrx_word' id='word_1_322' title='bbox 496 2448 615 2500; x_wconf 89' lang='lat' dir='ltr'>natura</span> <span class='ocrx_word' id='word_1_323' title='bbox 637 2431 742 2498; x_wconf 88' lang='lat' dir='ltr'>Deus.</span> <span class='ocrx_word' id='word_1_324' title='bbox 800 2432 895 2498; x_wconf 83' lang='lat' dir='ltr'>ltcm:</span> <span class='ocrx_word' id='word_1_325' title='bbox 932 2437 993 2512; x_wconf 82' lang='lat' dir='ltr'>Qui</span> <span class='ocrx_word' id='word_1_326' title='bbox 1019 2444 1156 2518; x_wconf 82' lang='lat' dir='ltr'>propter</span> <span class='ocrx_word' id='word_1_327' title='bbox 1181 2424 1185 2477; x_wconf 81' lang='lat'><strong>¹</strong></span> <span class='ocrx_word' id='word_1_328' title='bbox 1208 2436 1321 2500; x_wconf 68' lang='lat' dir='ltr'>aretino</span> <span class='ocrx_word' id='word_1_329' title='bbox 1342 2454 1412 2498; x_wconf 85' lang='lat' dir='ltr'>nco</span> <span class='ocrx_word' id='word_1_330' title='bbox 1434 2432 1615 2500; x_wconf 86' lang='lat' dir='ltr'>Dominum.</span> <span class='ocrx_word' id='word_1_331' title='bbox 1660 2436 1742 2522; x_wconf 74' lang='lat' dir='ltr'>Agit</span> <span class='ocrx_word' id='word_1_332' title='bbox 1770 2436 1897 2520; x_wconf 82' lang='lat' dir='ltr'>gratias</span> <span class='ocrx_word' id='word_1_333' title='bbox 1925 2437 2056 2500; x_wconf 88' lang='lat' dir='ltr'>nomine</span> <span class='ocrx_word' id='word_1_334' title='bbox 2085 2437 2188 2503; x_wconf 90' lang='lat' dir='ltr'>totius</span> 
     </span>
     <span class='ocr_line' id='line_1_27' title="bbox 174 2482 2190 2611; baseline -0.001 -21"><span class='ocrx_word' id='word_1_335' title='bbox 174 2543 235 2590; x_wconf 80' lang='lat' dir='ltr'>nos</span> <span class='ocrx_word' id='word_1_336' title='bbox 255 2526 413 2605; x_wconf 75' lang='lat' dir='ltr'>limataes,</span> <span class='ocrx_word' id='word_1_337' title='bbox 447 2532 480 2588; x_wconf 84' lang='lat' dir='ltr'>et</span> <span class='ocrx_word' id='word_1_338' title='bbox 500 2529 637 2605; x_wconf 81' lang='lat' dir='ltr'>propter</span> <span class='ocrx_word' id='word_1_339' title='bbox 661 2528 805 2586; x_wconf 73' lang='lat' dir='ltr'>nmirum</span> <span class='ocrx_word' id='word_1_340' title='bbox 837 2521 971 2585; x_wconf 76' lang='lat' dir='ltr'>mlrncm</span> <span class='ocrx_word' id='word_1_341' title='bbox 992 2522 1160 2600; x_wconf 68' lang='lat' dir='ltr'>descmdt&#39;t</span> <span class='ocrx_word' id='word_1_342' title='bbox 1182 2482 1186 2611; x_wconf 63' lang='lat' dir='ltr'>l</span> <span class='ocrx_word' id='word_1_343' title='bbox 1207 2517 1393 2587; x_wconf 84' lang='lat' dir='ltr'>Ecclesiae.</span> <span class='ocrx_word' id='word_1_344' title='bbox 1438 2517 1593 2585; x_wconf 86' lang='lat' dir='ltr'>Affirmat</span> <span class='ocrx_word' id='word_1_345' title='bbox 1624 2519 1724 2587; x_wconf 88' lang='lat' dir='ltr'>aliurn</span> <span class='ocrx_word' id='word_1_346' title='bbox 1758 2521 1822 2585; x_wconf 88' lang='lat' dir='ltr'>ium</span> <span class='ocrx_word' id='word_1_347' title='bbox 1849 2532 1971 2585; x_wconf 87' lang='lat' dir='ltr'>statum</span> <span class='ocrx_word' id='word_1_348' title='bbox 2000 2518 2090 2587; x_wconf 84' lang='lat' dir='ltr'>fore:</span> <span class='ocrx_word' id='word_1_349' title='bbox 2125 2523 2190 2588; x_wconf 84' lang='lat' dir='ltr'>das</span> 
     </span>
     <span class='ocr_line' id='line_1_28' title="bbox 174 2604 2189 2693; baseline -0.001 -16"><span class='ocrx_word' id='word_1_350' title='bbox 174 2613 216 2677; x_wconf 83' lang='lat' dir='ltr'>de</span> <span class='ocrx_word' id='word_1_351' title='bbox 235 2613 344 2676; x_wconf 78' lang='lat' dir='ltr'>coella.</span> <span class='ocrx_word' id='word_1_352' title='bbox 387 2607 507 2674; x_wconf 86' lang='lat' dir='ltr'>Passio</span> <span class='ocrx_word' id='word_1_353' title='bbox 531 2605 605 2672; x_wconf 84' lang='lat' dir='ltr'>Filii</span> <span class='ocrx_word' id='word_1_354' title='bbox 626 2604 691 2672; x_wconf 88' lang='lat' dir='ltr'>Dei</span> <span class='ocrx_word' id='word_1_355' title='bbox 714 2619 767 2672; x_wconf 83' lang='lat' dir='ltr'>est</span> <span class='ocrx_word' id='word_1_356' title='bbox 789 2604 992 2671; x_wconf 86' lang='lat' dir='ltr'>sacrificium</span> <span class='ocrx_word' id='word_1_357' title='bbox 1014 2627 1076 2691; x_wconf 91' lang='lat' dir='ltr'>pro</span> <span class='ocrx_word' id='word_1_358' title='bbox 1099 2627 1156 2693; x_wconf 80' lang='lat' dir='ltr'>ge·</span> <span class='ocrx_word' id='word_1_359' title='bbox 1182 2620 1186 2687; x_wconf 76' lang='lat' dir='ltr'>t</span> <span class='ocrx_word' id='word_1_360' title='bbox 1208 2607 1314 2672; x_wconf 84' lang='lat' dir='ltr'>elmtdt</span> <span class='ocrx_word' id='word_1_361' title='bbox 1336 2608 1433 2671; x_wconf 82' lang='lat' dir='ltr'>uirdt</span> <span class='ocrx_word' id='word_1_362' title='bbox 1452 2607 1598 2691; x_wconf 74' lang='lat' dir='ltr'>persentit</span> <span class='ocrx_word' id='word_1_363' title='bbox 1619 2608 1764 2684; x_wconf 71' lang='lat' dir='ltr'>tamdem</span> <span class='ocrx_word' id='word_1_364' title='bbox 1791 2608 1851 2671; x_wconf 86' lang='lat' dir='ltr'>sed</span> <span class='ocrx_word' id='word_1_365' title='bbox 1875 2620 2060 2689; x_wconf 86' lang='lat' dir='ltr'>exspectat,</span> <span class='ocrx_word' id='word_1_366' title='bbox 2080 2619 2114 2674; x_wconf 88' lang='lat' dir='ltr'>et</span> <span class='ocrx_word' id='word_1_367' title='bbox 2136 2620 2189 2674; x_wconf 88' lang='lat' dir='ltr'>cst</span> 
     </span>
     <span class='ocr_line' id='line_1_29' title="bbox 174 2690 2189 2779; baseline -0.001 -17"><span class='ocrx_word' id='word_1_368' title='bbox 174 2716 255 2762; x_wconf 89' lang='lat' dir='ltr'>uere</span> <span class='ocrx_word' id='word_1_369' title='bbox 276 2695 438 2777; x_wconf 86' lang='lat' dir='ltr'>humano,</span> <span class='ocrx_word' id='word_1_370' title='bbox 466 2715 534 2760; x_wconf 94' lang='lat' dir='ltr'>non</span> <span class='ocrx_word' id='word_1_371' title='bbox 561 2713 623 2779; x_wconf 86' lang='lat' dir='ltr'>pro</span> <span class='ocrx_word' id='word_1_372' title='bbox 646 2690 799 2759; x_wconf 83' lang='lat' dir='ltr'>diabolis.</span> <span class='ocrx_word' id='word_1_373' title='bbox 843 2695 910 2759; x_wconf 91' lang='lat' dir='ltr'>lsta</span> <span class='ocrx_word' id='word_1_374' title='bbox 931 2705 1010 2757; x_wconf 86' lang='lat' dir='ltr'>sunt</span> <span class='ocrx_word' id='word_1_375' title='bbox 1031 2693 1157 2778; x_wconf 90' lang='lat' dir='ltr'>praeci·</span> <span class='ocrx_word' id='word_1_376' title='bbox 1183 2690 1186 2761; x_wconf 84' lang='lat' dir='ltr'>l</span> <span class='ocrx_word' id='word_1_377' title='bbox 1209 2695 1336 2758; x_wconf 88' lang='lat' dir='ltr'>intenta</span> <span class='ocrx_word' id='word_1_378' title='bbox 1356 2695 1390 2756; x_wconf 93' lang='lat' dir='ltr'>in</span> <span class='ocrx_word' id='word_1_379' title='bbox 1413 2692 1634 2758; x_wconf 88' lang='lat' dir='ltr'>universalem</span> <span class='ocrx_word' id='word_1_380' title='bbox 1655 2691 1884 2760; x_wconf 88' lang='lat' dir='ltr'>liberationem</span> <span class='ocrx_word' id='word_1_381' title='bbox 1907 2695 1940 2757; x_wconf 90' lang='lat' dir='ltr'>in</span> <span class='ocrx_word' id='word_1_382' title='bbox 1959 2695 2026 2758; x_wconf 90' lang='lat' dir='ltr'>vita</span> <span class='ocrx_word' id='word_1_383' title='bbox 2042 2707 2189 2775; x_wconf 86' lang='lat' dir='ltr'>aeterna,</span> 
     </span>
     <span class='ocr_line' id='line_1_30' title="bbox 175 2776 2189 2867; baseline -0.001 -20"><span class='ocrx_word' id='word_1_384' title='bbox 175 2803 240 2867; x_wconf 92' lang='lat' dir='ltr'>pua</span> <span class='ocrx_word' id='word_1_385' title='bbox 264 2783 330 2848; x_wconf 92' lang='lat' dir='ltr'>duo</span> <span class='ocrx_word' id='word_1_386' title='bbox 352 2779 516 2867; x_wconf 86' lang='lat' dir='ltr'>symbola.</span> <span class='ocrx_word' id='word_1_387' title='bbox 1209 2799 1296 2865; x_wconf 82' lang='lat' dir='ltr'>quae</span> <span class='ocrx_word' id='word_1_388' title='bbox 1317 2778 1371 2843; x_wconf 88' lang='lat' dir='ltr'>hic</span> <span class='ocrx_word' id='word_1_389' title='bbox 1397 2779 1573 2845; x_wconf 88' lang='lat' dir='ltr'>inchoatm·</span> <span class='ocrx_word' id='word_1_390' title='bbox 1599 2802 1659 2864; x_wconf 93' lang='lat' dir='ltr'>per</span> <span class='ocrx_word' id='word_1_391' title='bbox 1682 2778 1801 2845; x_wconf 81' lang='lat' dir='ltr'>Filium</span> <span class='ocrx_word' id='word_1_392' title='bbox 1823 2779 1898 2844; x_wconf 87' lang='lat' dir='ltr'>Dei.</span> <span class='ocrx_word' id='word_1_393' title='bbox 1943 2776 2037 2844; x_wconf 87' lang='lat' dir='ltr'>illam</span> <span class='ocrx_word' id='word_1_394' title='bbox 2060 2782 2189 2848; x_wconf 90' lang='lat' dir='ltr'>univer·</span> 
     </span>
     <span class='ocr_line' id='line_1_31' title="bbox 262 2838 2124 2955; baseline -0.001 -21"><span class='ocrx_word' id='word_1_395' title='bbox 262 2866 423 2955; x_wconf 83' lang='lat' dir='ltr'>Symbola</span> <span class='ocrx_word' id='word_1_396' title='bbox 445 2880 625 2953; x_wconf 87' lang='lat' dir='ltr'>propterea</span> <span class='ocrx_word' id='word_1_397' title='bbox 647 2868 736 2931; x_wconf 82' lang='lat' dir='ltr'>diota</span> <span class='ocrx_word' id='word_1_398' title='bbox 758 2878 847 2945; x_wconf 90' lang='lat' dir='ltr'>sunt,</span> <span class='ocrx_word' id='word_1_399' title='bbox 869 2865 959 2953; x_wconf 90' lang='lat' dir='ltr'>quod</span> <span class='ocrx_word' id='word_1_400' title='bbox 983 2867 1158 2954; x_wconf 80' lang='lat' dir='ltr'>sintsigna</span> <span class='ocrx_word' id='word_1_401' title='bbox 1180 2838 1185 2909; x_wconf 65' lang='lat' dir='ltr'>i</span> <span class='ocrx_word' id='word_1_402' title='bbox 1209 2862 1313 2931; x_wconf 89' lang='lat' dir='ltr'>salem</span> <span class='ocrx_word' id='word_1_403' title='bbox 1335 2861 1563 2930; x_wconf 84' lang='lat' dir='ltr'>liberationem</span> <span class='ocrx_word' id='word_1_404' title='bbox 1586 2864 1684 2933; x_wconf 90' lang='lat' dir='ltr'>simul</span> <span class='ocrx_word' id='word_1_405' title='bbox 1728 2867 1889 2944; x_wconf 86' lang='lat' dir='ltr'>raedicat,</span> <span class='ocrx_word' id='word_1_406' title='bbox 1910 2881 1943 2931; x_wconf 90' lang='lat' dir='ltr'>et</span> <span class='ocrx_word' id='word_1_407' title='bbox 1965 2865 2124 2935; x_wconf 86' lang='lat' dir='ltr'>celebrat.</span> 
     </span>
     <span class='ocr_line' id='line_1_32' title="bbox 175 2949 2189 3042; baseline 0.002 -25"><span class='ocrx_word' id='word_1_408' title='bbox 175 2950 397 3042; x_wconf 78' lang='lat' dir='ltr'>professionis</span> <span class='ocrx_word' id='word_1_409' title='bbox 407 2954 629 3019; x_wconf 82' lang='lat' dir='ltr'>Christianae.</span> <span class='ocrx_word' id='word_1_410' title='bbox 663 2955 847 3036; x_wconf 69' lang='lat' dir='ltr'>Spurcum</span> <span class='ocrx_word' id='word_1_411' title='bbox 862 2967 893 3016; x_wconf 92' lang='lat' dir='ltr'>et</span> <span class='ocrx_word' id='word_1_412' title='bbox 913 2956 1058 3034; x_wconf 69' lang='lat' dir='ltr'>symbola</span> <span class='ocrx_word' id='word_1_413' title='bbox 1080 2954 1184 3038; x_wconf 77' lang='lat' dir='ltr'>quid!</span> <span class='ocrx_word' id='word_1_414' title='bbox 1296 2949 1665 3037; x_wconf 66' lang='lat' dir='ltr'>Disposuit-&#39;superbos</span> <span class='ocrx_word' id='word_1_415' title='bbox 1742 2973 1784 3029; x_wconf 84' lang='lat' dir='ltr'>on</span> <span class='ocrx_word' id='word_1_416' title='bbox 1806 2950 2012 3038; x_wconf 77' lang='lat' dir='ltr'>intelligatur</span> <span class='ocrx_word' id='word_1_417' title='bbox 2033 2954 2075 3019; x_wconf 96' lang='lat' dir='ltr'>de</span> <span class='ocrx_word' id='word_1_418' title='bbox 2093 2976 2189 3041; x_wconf 83' lang='lat' dir='ltr'>prae·</span> 
     </span>
     <span class='ocr_line' id='line_1_33' title="bbox 177 3036 2191 3145; baseline 0 -39"><span class='ocrx_word' id='word_1_419' title='bbox 177 3039 353 3108; x_wconf 79' lang='lat' dir='ltr'>differunt?</span> <span class='ocrx_word' id='word_1_420' title='bbox 407 3037 567 3126; x_wconf 86' lang='lat' dir='ltr'>Symbola</span> <span class='ocrx_word' id='word_1_421' title='bbox 601 3059 677 3127; x_wconf 77' lang='lat' dir='ltr'>gen.</span> <span class='ocrx_word' id='word_1_422' title='bbox 705 3036 804 3104; x_wconf 86' lang='lat' dir='ltr'>soem.</span> <span class='ocrx_word' id='word_1_423' title='bbox 832 3042 918 3106; x_wconf 78' lang='lat' dir='ltr'>beist</span> <span class='ocrx_word' id='word_1_424' title='bbox 943 3041 1078 3124; x_wconf 88' lang='lat' dir='ltr'>proprie</span> <span class='ocrx_word' id='word_1_425' title='bbox 1105 3041 1158 3104; x_wconf 79' lang='lat' dir='ltr'>dic</span> <span class='ocrx_word' id='word_1_426' title='bbox 1181 3086 1184 3145; x_wconf 64' lang='grc' dir='ltr'>Ι</span> <span class='ocrx_word' id='word_1_427' title='bbox 1210 3040 1325 3116; x_wconf 90' lang='lat' dir='ltr'>terito,</span> <span class='ocrx_word' id='word_1_428' title='bbox 1351 3040 1411 3103; x_wconf 91' lang='lat' dir='ltr'>scd</span> <span class='ocrx_word' id='word_1_429' title='bbox 1433 3037 1667 3104; x_wconf 88' lang='lat' dir='ltr'>universaliter</span> <span class='ocrx_word' id='word_1_430' title='bbox 1689 3040 1862 3124; x_wconf 78' lang='lat' dir='ltr'>dispersit:</span> <span class='ocrx_word' id='word_1_431' title='bbox 1895 3038 1989 3104; x_wconf 83' lang='lat' dir='ltr'>Tunc</span> <span class='ocrx_word' id='word_1_432' title='bbox 2011 3038 2191 3122; x_wconf 85' lang='lat' dir='ltr'>Herodem,</span> 
     </span>
     <span class='ocr_line' id='line_1_34' title="bbox 178 3122 2190 3227; baseline 0.004 -41"><span class='ocrx_word' id='word_1_433' title='bbox 178 3131 276 3193; x_wconf 71' lang='lat' dir='ltr'>scelte.</span> <span class='ocrx_word' id='word_1_434' title='bbox 332 3125 527 3213; x_wconf 87' lang='lat' dir='ltr'>Symbolum</span> <span class='ocrx_word' id='word_1_435' title='bbox 560 3123 728 3212; x_wconf 78' lang='lat' dir='ltr'>significat</span> <span class='ocrx_word' id='word_1_436' title='bbox 761 3127 911 3213; x_wconf 78' lang='lat' dir='ltr'>siguum,</span> <span class='ocrx_word' id='word_1_437' title='bbox 944 3126 999 3191; x_wconf 84' lang='lat' dir='ltr'>cin</span> <span class='ocrx_word' id='word_1_438' title='bbox 1019 3127 1158 3201; x_wconf 66' lang='lat' dir='ltr'>mulcta</span> <span class='ocrx_word' id='word_1_439' title='bbox 1181 3180 1185 3227; x_wconf 41' lang='grc' dir='ltr'>ι</span> <span class='ocrx_word' id='word_1_440' title='bbox 1210 3137 1329 3210; x_wconf 80' lang='lat' dir='ltr'>postea</span> <span class='ocrx_word' id='word_1_441' title='bbox 1351 3122 1569 3205; x_wconf 84' lang='lat' dir='ltr'>Maxentium,</span> <span class='ocrx_word' id='word_1_442' title='bbox 1590 3123 1851 3204; x_wconf 83' lang='lat' dir='ltr'>Diorletianum,</span> <span class='ocrx_word' id='word_1_443' title='bbox 1875 3137 2054 3212; x_wconf 88' lang='lat' dir='ltr'>tyrannos,</span> <span class='ocrx_word' id='word_1_444' title='bbox 2075 3128 2190 3195; x_wconf 81' lang='lat' dir='ltr'>haere·</span> 
     </span>
     <span class='ocr_line' id='line_1_35' title="bbox 177 3209 2189 3300; baseline 0 -21"><span class='ocrx_word' id='word_1_445' title='bbox 177 3216 300 3296; x_wconf 68' lang='lat' dir='ltr'>caroea</span> <span class='ocrx_word' id='word_1_446' title='bbox 321 3233 398 3278; x_wconf 86' lang='lat' dir='ltr'>mon</span> <span class='ocrx_word' id='word_1_447' title='bbox 425 3216 642 3279; x_wconf 72' lang='lat' dir='ltr'>:attenuet</span> <span class='ocrx_word' id='word_1_448' title='bbox 698 3211 781 3277; x_wconf 88' lang='lat' dir='ltr'>Sunt</span> <span class='ocrx_word' id='word_1_449' title='bbox 805 3212 904 3298; x_wconf 88' lang='lat' dir='ltr'>igitur</span> <span class='ocrx_word' id='word_1_450' title='bbox 924 3209 1078 3296; x_wconf 82' lang='lat' dir='ltr'>symbola</span> <span class='ocrx_word' id='word_1_451' title='bbox 1100 3233 1158 3275; x_wconf 91' lang='lat' dir='ltr'>uo·</span> <span class='ocrx_word' id='word_1_452' title='bbox 1182 3235 1185 3269; x_wconf 84' lang='grc' dir='ltr'>ι</span> <span class='ocrx_word' id='word_1_453' title='bbox 1210 3212 1313 3288; x_wconf 90' lang='lat' dir='ltr'>ticos,</span> <span class='ocrx_word' id='word_1_454' title='bbox 1353 3222 1386 3275; x_wconf 90' lang='lat' dir='ltr'>et</span> <span class='ocrx_word' id='word_1_455' title='bbox 1419 3213 1606 3298; x_wconf 88' lang='lat' dir='ltr'>quicunque</span> <span class='ocrx_word' id='word_1_456' title='bbox 1639 3209 1771 3277; x_wconf 82' lang='lat' dir='ltr'>luerunt</span> <span class='ocrx_word' id='word_1_457' title='bbox 1803 3232 2001 3299; x_wconf 85' lang='lat' dir='ltr'>quocunque</span> <span class='ocrx_word' id='word_1_458' title='bbox 2032 3225 2189 3300; x_wconf 86' lang='lat' dir='ltr'>tempore.</span> 
     </span>
     <span class='ocr_line' id='line_1_36' title="bbox 179 3282 2191 3397; baseline 0 -32"><span class='ocrx_word' id='word_1_459' title='bbox 179 3311 233 3365; x_wconf 87' lang='lat' dir='ltr'>tae</span> <span class='ocrx_word' id='word_1_460' title='bbox 254 3299 485 3384; x_wconf 82' lang='lat' dir='ltr'>professionis.</span> <span class='ocrx_word' id='word_1_461' title='bbox 530 3298 606 3364; x_wconf 90' lang='lat' dir='ltr'>Non</span> <span class='ocrx_word' id='word_1_462' title='bbox 639 3312 719 3365; x_wconf 92' lang='lat' dir='ltr'>suut</span> <span class='ocrx_word' id='word_1_463' title='bbox 752 3300 882 3376; x_wconf 86' lang='lat' dir='ltr'>iudicia,</span> <span class='ocrx_word' id='word_1_464' title='bbox 915 3299 1081 3382; x_wconf 84' lang='lat' dir='ltr'>praetoria</span> <span class='ocrx_word' id='word_1_465' title='bbox 1103 3309 1160 3362; x_wconf 93' lang='lat' dir='ltr'>aut</span> <span class='ocrx_word' id='word_1_466' title='bbox 1182 3282 1186 3397; x_wconf 61' lang='grc' dir='ltr'><strong>Ξ</strong></span> <span class='ocrx_word' id='word_1_467' title='bbox 1211 3296 1360 3363; x_wconf 87' lang='lat' dir='ltr'>Subinde</span> <span class='ocrx_word' id='word_1_468' title='bbox 1382 3294 1475 3364; x_wconf 90' lang='lat' dir='ltr'>Deus</span> <span class='ocrx_word' id='word_1_469' title='bbox 1498 3298 1639 3363; x_wconf 85' lang='lat' dir='ltr'>destruit</span> <span class='ocrx_word' id='word_1_470' title='bbox 1660 3311 1824 3384; x_wconf 89' lang='lat' dir='ltr'>tyrannos</span> <span class='ocrx_word' id='word_1_471' title='bbox 1848 3311 1881 3363; x_wconf 88' lang='lat' dir='ltr'>et</span> <span class='ocrx_word' id='word_1_472' title='bbox 1901 3296 2022 3364; x_wconf 90' lang='lat' dir='ltr'>liberat</span> <span class='ocrx_word' id='word_1_473' title='bbox 2042 3298 2191 3375; x_wconf 81' lang='lat' dir='ltr'>Ecclesi-</span> 
     </span>
     <span class='ocr_line' id='line_1_37' title="bbox 176 3380 2190 3489; baseline 0 -38"><span class='ocrx_word' id='word_1_474' title='bbox 176 3381 333 3453; x_wconf 79' lang='lat' dir='ltr'>iorensia.</span> <span class='ocrx_word' id='word_1_475' title='bbox 388 3384 480 3453; x_wconf 86' lang='lat' dir='ltr'>Haec</span> <span class='ocrx_word' id='word_1_476' title='bbox 514 3397 638 3453; x_wconf 88' lang='lat' dir='ltr'>tantum</span> <span class='ocrx_word' id='word_1_477' title='bbox 673 3381 1001 3453; x_wconf 86' lang='lat' dir='ltr'>comruouei&#39;actionis</span> <span class='ocrx_word' id='word_1_478' title='bbox 1034 3404 1159 3451; x_wconf 87' lang='lat' dir='ltr'>caussa</span> <span class='ocrx_word' id='word_1_479' title='bbox 1182 3400 1186 3489; x_wconf 62' lang='lat' dir='ltr'>y</span> <span class='ocrx_word' id='word_1_480' title='bbox 1211 3404 1275 3448; x_wconf 83' lang='lat' dir='ltr'>am.</span> <span class='ocrx_word' id='word_1_481' title='bbox 1320 3380 1362 3447; x_wconf 89' lang='lat' dir='ltr'>Et</span> <span class='ocrx_word' id='word_1_482' title='bbox 1383 3385 1416 3447; x_wconf 90' lang='lat' dir='ltr'>iu</span> <span class='ocrx_word' id='word_1_483' title='bbox 1439 3381 1505 3448; x_wconf 87' lang='lat' dir='ltr'>line</span> <span class='ocrx_word' id='word_1_484' title='bbox 1527 3383 1583 3449; x_wconf 89' lang='lat' dir='ltr'>liet</span> <span class='ocrx_word' id='word_1_485' title='bbox 1604 3383 1669 3450; x_wconf 89' lang='lat' dir='ltr'>hoc</span> <span class='ocrx_word' id='word_1_486' title='bbox 1691 3382 1924 3450; x_wconf 85' lang='lat' dir='ltr'>universaliter</span> <span class='ocrx_word' id='word_1_487' title='bbox 1947 3386 1979 3450; x_wconf 89' lang='lat' dir='ltr'>in</span> <span class='ocrx_word' id='word_1_488' title='bbox 2008 3387 2190 3465; x_wconf 76' lang='lat' dir='ltr'>novissimo</span> 
     </span>
     <span class='ocr_line' id='line_1_38' title="bbox 178 3468 2190 3586; baseline 0 -49"><span class='ocrx_word' id='word_1_489' title='bbox 178 3468 273 3537; x_wconf 70' lang='lat' dir='ltr'>dico.</span> <span class='ocrx_word' id='word_1_490' title='bbox 767 3470 770 3477; x_wconf 89' lang='grc'>’</span> <span class='ocrx_word' id='word_1_491' title='bbox 1182 3469 1274 3586; x_wconf 55' lang='lat'><strong>1⁶¹⁰·</strong></span> <span class='ocrx_word' id='word_1_492' title='bbox 1320 3468 1446 3534; x_wconf 90' lang='lat' dir='ltr'>Omnes</span> <span class='ocrx_word' id='word_1_493' title='bbox 1476 3471 1564 3555; x_wconf 89' lang='lat' dir='ltr'>impii</span> <span class='ocrx_word' id='word_1_494' title='bbox 1592 3471 1789 3536; x_wconf 87' lang='lat' dir='ltr'>abiicieutur</span> <span class='ocrx_word' id='word_1_495' title='bbox 1816 3473 1849 3535; x_wconf 90' lang='lat' dir='ltr'>in</span> <span class='ocrx_word' id='word_1_496' title='bbox 1873 3483 2028 3536; x_wconf 86' lang='lat' dir='ltr'>aeternas</span> <span class='ocrx_word' id='word_1_497' title='bbox 2051 3494 2190 3558; x_wconf 83' lang='lat' dir='ltr'>poenas,</span> 
     </span>
     <span class='ocr_line' id='line_1_39' title="bbox 263 3552 2191 3653; baseline 0.002 -31"><span class='ocrx_word' id='word_1_498' title='bbox 263 3556 339 3622; x_wconf 89' lang='lat' dir='ltr'>Vos</span> <span class='ocrx_word' id='word_1_499' title='bbox 361 3570 472 3623; x_wconf 89' lang='lat' dir='ltr'>autem</span> <span class='ocrx_word' id='word_1_500' title='bbox 495 3558 651 3644; x_wconf 79' lang='lat' dir='ltr'>cogitate,</span> <span class='ocrx_word' id='word_1_501' title='bbox 685 3579 783 3643; x_wconf 87' lang='lat' dir='ltr'>quam</span> <span class='ocrx_word' id='word_1_502' title='bbox 805 3552 903 3623; x_wconf 84' lang='lat' dir='ltr'>luerit</span> <span class='ocrx_word' id='word_1_503' title='bbox 924 3555 990 3624; x_wconf 84' lang='lat' dir='ltr'>hoc</span> <span class='ocrx_word' id='word_1_504' title='bbox 1014 3559 1066 3625; x_wconf 86' lang='lat' dir='ltr'>die.</span> <span class='ocrx_word' id='word_1_505' title='bbox 1089 3554 1159 3643; x_wconf 88' lang='lat' dir='ltr'>pul·</span> <span class='ocrx_word' id='word_1_506' title='bbox 1182 3610 1185 3653; x_wconf 54' lang='grc' dir='ltr'>Ι</span> <span class='ocrx_word' id='word_1_507' title='bbox 1211 3567 1245 3621; x_wconf 91' lang='lat' dir='ltr'>et</span> <span class='ocrx_word' id='word_1_508' title='bbox 1265 3552 1420 3622; x_wconf 88' lang='lat' dir='ltr'>Ecclesia</span> <span class='ocrx_word' id='word_1_509' title='bbox 1442 3557 1654 3641; x_wconf 88' lang='lat' dir='ltr'>triumphabit</span> <span class='ocrx_word' id='word_1_510' title='bbox 1676 3578 1736 3643; x_wconf 93' lang='lat' dir='ltr'>pro</span> <span class='ocrx_word' id='word_1_511' title='bbox 1761 3570 1811 3622; x_wconf 89' lang='lat' dir='ltr'>ter</span> <span class='ocrx_word' id='word_1_512' title='bbox 1832 3556 1921 3621; x_wconf 88' lang='lat' dir='ltr'>hunc</span> <span class='ocrx_word' id='word_1_513' title='bbox 1938 3559 2106 3624; x_wconf 82' lang='lat' dir='ltr'>Messium.</span> <span class='ocrx_word' id='word_1_514' title='bbox 2134 3557 2191 3625; x_wconf 87' lang='lat' dir='ltr'>Di·</span> 
     </span>
     <span class='ocr_line' id='line_1_40' title="bbox 178 3577 2192 3730; baseline 0 -21"><span class='ocrx_word' id='word_1_515' title='bbox 178 3642 480 3722; x_wconf 79' lang='lat' dir='ltr'>chercouventus,</span> <span class='ocrx_word' id='word_1_516' title='bbox 509 3642 542 3707; x_wconf 93' lang='lat' dir='ltr'>in</span> <span class='ocrx_word' id='word_1_517' title='bbox 566 3664 632 3729; x_wconf 89' lang='lat' dir='ltr'>quo</span> <span class='ocrx_word' id='word_1_518' title='bbox 656 3640 896 3721; x_wconf 79' lang='lat' dir='ltr'>convenerunt,</span> <span class='ocrx_word' id='word_1_519' title='bbox 917 3659 953 3710; x_wconf 90' lang='lat' dir='ltr'>ut</span> <span class='ocrx_word' id='word_1_520' title='bbox 975 3642 1083 3712; x_wconf 85' lang='lat' dir='ltr'>Deum</span> <span class='ocrx_word' id='word_1_521' title='bbox 1106 3665 1158 3711; x_wconf 91' lang='lat' dir='ltr'>ce·</span> <span class='ocrx_word' id='word_1_522' title='bbox 1181 3658 1185 3719; x_wconf 78' lang='lat' dir='ltr'>t</span> <span class='ocrx_word' id='word_1_523' title='bbox 1211 3662 1347 3707; x_wconf 88' lang='lat' dir='ltr'>scamus</span> <span class='ocrx_word' id='word_1_524' title='bbox 1360 3653 1470 3707; x_wconf 87' lang='lat' dir='ltr'>autem</span> <span class='ocrx_word' id='word_1_525' title='bbox 1487 3663 1697 3730; x_wconf 82' lang='lat' dir='ltr'>nosquoque</span> <span class='ocrx_word' id='word_1_526' title='bbox 1715 3577 1772 3708; x_wconf 79' lang='lat' dir='ltr'>illa</span> <span class='ocrx_word' id='word_1_527' title='bbox 1788 3642 1949 3709; x_wconf 87' lang='lat' dir='ltr'>beneficia</span> <span class='ocrx_word' id='word_1_528' title='bbox 1966 3645 2192 3725; x_wconf 87' lang='lat' dir='ltr'>considerare,</span> 
     </span>
     <span class='ocr_line' id='line_1_41' title="bbox 176 3722 2191 3816; baseline 0.002 -22"><span class='ocrx_word' id='word_1_529' title='bbox 176 3726 347 3796; x_wconf 86' lang='lat' dir='ltr'>lebrarent</span> <span class='ocrx_word' id='word_1_530' title='bbox 369 3745 402 3795; x_wconf 87' lang='lat' dir='ltr'>ct</span> <span class='ocrx_word' id='word_1_531' title='bbox 425 3731 639 3795; x_wconf 87' lang='lat' dir='ltr'>ostenderent</span> <span class='ocrx_word' id='word_1_532' title='bbox 661 3730 851 3795; x_wconf 87' lang='lat' dir='ltr'>testimonia</span> <span class='ocrx_word' id='word_1_533' title='bbox 872 3726 948 3795; x_wconf 84' lang='lat' dir='ltr'>fidei</span> <span class='ocrx_word' id='word_1_534' title='bbox 970 3743 1003 3796; x_wconf 89' lang='lat' dir='ltr'>et</span> <span class='ocrx_word' id='word_1_535' title='bbox 1026 3728 1158 3797; x_wconf 83' lang='lat' dir='ltr'>conlas-</span> <span class='ocrx_word' id='word_1_536' title='bbox 1181 3722 1185 3785; x_wconf 81' lang='grc' dir='ltr'><strong>ἶ</strong></span> <span class='ocrx_word' id='word_1_537' title='bbox 1210 3743 1246 3794; x_wconf 91' lang='lat' dir='ltr'>ut</span> <span class='ocrx_word' id='word_1_538' title='bbox 1267 3749 1287 3792; x_wconf 94' lang='lat' dir='ltr'>a</span> <span class='ocrx_word' id='word_1_539' title='bbox 1311 3748 1405 3792; x_wconf 77' lang='lat' dir='ltr'>amus</span> <span class='ocrx_word' id='word_1_540' title='bbox 1428 3726 1504 3793; x_wconf 88' lang='lat' dir='ltr'>Deo</span> <span class='ocrx_word' id='word_1_541' title='bbox 1526 3730 1669 3816; x_wconf 81' lang='lat' dir='ltr'>gratias.¹</span> <span class='ocrx_word' id='word_1_542' title='bbox 1706 3730 1778 3796; x_wconf 89' lang='lat' dir='ltr'>Nec</span> <span class='ocrx_word' id='word_1_543' title='bbox 1799 3741 1951 3813; x_wconf 91' lang='lat' dir='ltr'>putemus</span> <span class='ocrx_word' id='word_1_544' title='bbox 1974 3750 2052 3795; x_wconf 89' lang='lat' dir='ltr'>csse</span> <span class='ocrx_word' id='word_1_545' title='bbox 2074 3731 2191 3798; x_wconf 85' lang='lat' dir='ltr'>inanes</span> 
     </span>
     <span class='ocr_line' id='line_1_42' title="bbox 176 3790 2191 3958; baseline 0.001 -76"><span class='ocrx_word' id='word_1_546' title='bbox 176 3816 282 3883; x_wconf 87' lang='lat' dir='ltr'>sionis</span> <span class='ocrx_word' id='word_1_547' title='bbox 304 3837 397 3897; x_wconf 81' lang='lat' dir='ltr'>suae</span> <span class='ocrx_word' id='word_1_548' title='bbox 441 3815 478 3881; x_wconf 91' lang='lat' dir='ltr'>ln</span> <span class='ocrx_word' id='word_1_549' title='bbox 502 3813 641 3881; x_wconf 87' lang='lat' dir='ltr'>Psalmo</span> <span class='ocrx_word' id='word_1_550' title='bbox 666 3814 731 3880; x_wconf 73' lang='lat' dir='ltr'>esti</span> <span class='ocrx_word' id='word_1_551' title='bbox 764 3817 1039 3883; x_wconf 76' lang='lat' dir='ltr'>In-conoenieudo</span> <span class='ocrx_word' id='word_1_552' title='bbox 1055 3820 1159 3901; x_wconf 78' lang='lat' dir='ltr'>popu·</span> <span class='ocrx_word' id='word_1_553' title='bbox 1181 3790 1185 3958; x_wconf 47' lang='lat' dir='ltr'>p</span> <span class='ocrx_word' id='word_1_554' title='bbox 1209 3810 1266 3880; x_wconf 85' lang='lat' dir='ltr'>lab</span> <span class='ocrx_word' id='word_1_555' title='bbox 1324 3834 1353 3878; x_wconf 88' lang='lat' dir='ltr'>s.</span> <span class='ocrx_word' id='word_1_556' title='bbox 1395 3812 1457 3880; x_wconf 90' lang='lat' dir='ltr'>illa</span> <span class='ocrx_word' id='word_1_557' title='bbox 1478 3829 1594 3881; x_wconf 89' lang='lat' dir='ltr'>nostra</span> <span class='ocrx_word' id='word_1_558' title='bbox 1617 3818 1780 3882; x_wconf 87' lang='lat' dir='ltr'>securitas</span> <span class='ocrx_word' id='word_1_559' title='bbox 1805 3830 1837 3881; x_wconf 89' lang='lat' dir='ltr'>et</span> <span class='ocrx_word' id='word_1_560' title='bbox 1858 3814 2065 3903; x_wconf 76' lang='lat' dir='ltr'>negligentia</span> <span class='ocrx_word' id='word_1_561' title='bbox 2080 3838 2191 3885; x_wconf 85' lang='lat' dir='ltr'>curnu-</span> 
     </span>
     <span class='ocr_line' id='line_1_43' title="bbox 176 3897 2191 3991; baseline -0.003 -14"><span class='ocrx_word' id='word_1_562' title='bbox 176 3906 226 3977; x_wconf 74' lang='lat' dir='ltr'>lot</span> <span class='ocrx_word' id='word_1_563' title='bbox 245 3911 278 3971; x_wconf 83' lang='lat' dir='ltr'>tn</span> <span class='ocrx_word' id='word_1_564' title='bbox 299 3923 409 3986; x_wconf 75' lang='lat' dir='ltr'>mum,</span> <span class='ocrx_word' id='word_1_565' title='bbox 428 3914 461 3971; x_wconf 86' lang='lat' dir='ltr'>et</span> <span class='ocrx_word' id='word_1_566' title='bbox 480 3923 585 3991; x_wconf 72' lang='lat' dir='ltr'>repca,</span> <span class='ocrx_word' id='word_1_567' title='bbox 607 3909 643 3967; x_wconf 89' lang='lat' dir='ltr'>ut</span> <span class='ocrx_word' id='word_1_568' title='bbox 664 3908 808 3969; x_wconf 70' lang='lat' dir='ltr'>sunium</span> <span class='ocrx_word' id='word_1_569' title='bbox 827 3905 974 3970; x_wconf 83' lang='lat' dir='ltr'>llomtno.</span> <span class='ocrx_word' id='word_1_570' title='bbox 1018 3900 1079 3969; x_wconf 87' lang='lat' dir='ltr'>Est</span> <span class='ocrx_word' id='word_1_571' title='bbox 1102 3902 1158 3968; x_wconf 91' lang='lat' dir='ltr'>de·</span> <span class='ocrx_word' id='word_1_572' title='bbox 1209 3897 1256 3967; x_wconf 91' lang='lat' dir='ltr'>lat</span> <span class='ocrx_word' id='word_1_573' title='bbox 1274 3920 1413 3988; x_wconf 88' lang='lat' dir='ltr'>poenas.</span> <span class='ocrx_word' id='word_1_574' title='bbox 1443 3900 1537 3967; x_wconf 88' lang='lat' dir='ltr'>Deus</span> <span class='ocrx_word' id='word_1_575' title='bbox 1559 3900 1725 3989; x_wconf 89' lang='lat' dir='ltr'>relinquat</span> <span class='ocrx_word' id='word_1_576' title='bbox 1745 3903 1841 3967; x_wconf 88' lang='lat' dir='ltr'>nobis</span> <span class='ocrx_word' id='word_1_577' title='bbox 1865 3923 1992 3981; x_wconf 87' lang='lat' dir='ltr'>semen,</span> <span class='ocrx_word' id='word_1_578' title='bbox 2015 3903 2102 3969; x_wconf 90' lang='lat' dir='ltr'>sicut</span> <span class='ocrx_word' id='word_1_579' title='bbox 2122 3917 2191 3970; x_wconf 89' lang='lat' dir='ltr'>tex-</span> 
     </span>
    </p>
   </div>
   <div class='ocr_carea' id='block_1_3' title="bbox 177 3968 2241 4158">
    <p class='ocr_par' dir='ltr' id='par_1_3' title="bbox 177 3968 2241 4158">
     <span class='ocr_line' id='line_1_44' title="bbox 177 3968 2241 4158; baseline 0 -103"><span class='ocrx_word' id='word_1_580' title='bbox 177 3990 316 4075; x_wconf 88' lang='lat' dir='ltr'>scriptio</span> <span class='ocrx_word' id='word_1_581' title='bbox 346 4000 569 4061; x_wconf 88' lang='lat' dir='ltr'>conventuum</span> <span class='ocrx_word' id='word_1_582' title='bbox 601 3986 821 4074; x_wconf 86' lang='lat' dir='ltr'>publicorum.</span> <span class='ocrx_word' id='word_1_583' title='bbox 854 3988 926 4071; x_wconf 38' lang='lat' dir='ltr'>,Pn</span> <span class='ocrx_word' id='word_1_584' title='bbox 959 3968 1185 4056; x_wconf 65' lang='lat' dir='ltr'>conveniant!</span> <span class='ocrx_word' id='word_1_585' title='bbox 1210 4000 1264 4053; x_wconf 90' lang='lat' dir='ltr'>tus</span> <span class='ocrx_word' id='word_1_586' title='bbox 1287 3988 1409 4158; x_wconf 63' lang='lat' dir='ltr'>inpuir:</span> <span class='ocrx_word' id='word_1_587' title='bbox 1444 3987 1524 4054; x_wconf 83' lang='lat' dir='ltr'>Nisi</span> <span class='ocrx_word' id='word_1_588' title='bbox 1552 3989 1715 4056; x_wconf 82' lang='lat' dir='ltr'>Dmnimts</span> <span class='ocrx_word' id='word_1_589' title='bbox 1747 3990 1929 4073; x_wconf 77' lang='lat' dir='ltr'>rrlipm‘ssot</span> <span class='ocrx_word' id='word_1_590' title='bbox 1956 3991 2049 4056; x_wconf 83' lang='lat' dir='ltr'>nohis</span> <span class='ocrx_word' id='word_1_591' title='bbox 2075 3996 2191 4072; x_wconf 73' lang='lat' dir='ltr'>senen,</span> <span class='ocrx_word' id='word_1_592' title='bbox 2236 4020 2241 4029; x_wconf 70' lang='lat'>=</span> 
     </span>
    </p>
   </div>
   <div class='ocr_carea' id='block_1_4' title="bbox 133 4066 2194 5197">
    <p class='ocr_par' dir='ltr' id='par_1_4' title="bbox 133 4066 2194 5197">
     <span class='ocr_line' id='line_1_45' title="bbox 133 4066 1296 4162; baseline 0 -22"><span class='ocrx_word' id='word_1_593' title='bbox 133 4097 136 4103; x_wconf 92' lang='lat'>·</span> <span class='ocrx_word' id='word_1_594' title='bbox 176 4075 219 4140; x_wconf 88' lang='lat' dir='ltr'>ad</span> <span class='ocrx_word' id='word_1_595' title='bbox 251 4074 515 4156; x_wconf 90' lang='lat' dir='ltr'>invocationem,</span> <span class='ocrx_word' id='word_1_596' title='bbox 549 4071 812 4153; x_wconf 82' lang='lat' dir='ltr'>consessionem,</span> <span class='ocrx_word' id='word_1_597' title='bbox 830 4077 1026 4162; x_wconf 43' lang='lat' dir='ltr'>,gratiarum</span> <span class='ocrx_word' id='word_1_598' title='bbox 1058 4076 1158 4141; x_wconf 85' lang='lat' dir='ltr'>artio-</span> <span class='ocrx_word' id='word_1_599' title='bbox 1181 4066 1184 4121; x_wconf 67' lang='lat' dir='ltr'>i</span> <span class='ocrx_word' id='word_1_600' title='bbox 1205 4069 1296 4156; x_wconf 75' lang='lat' dir='ltr'>sacti</span> 
     </span>
     <span class='ocr_line' id='line_1_46' title="bbox 177 4157 2192 4250; baseline 0.001 -23"><span class='ocrx_word' id='word_1_601' title='bbox 177 4182 268 4241; x_wconf 89' lang='lat' dir='ltr'>uem,</span> <span class='ocrx_word' id='word_1_602' title='bbox 309 4160 572 4227; x_wconf 88' lang='lat' dir='ltr'>consolationem</span> <span class='ocrx_word' id='word_1_603' title='bbox 606 4183 824 4230; x_wconf 89' lang='lat' dir='ltr'>communem.</span> <span class='ocrx_word' id='word_1_604' title='bbox 886 4160 935 4225; x_wconf 87' lang='lat' dir='ltr'>lta</span> <span class='ocrx_word' id='word_1_605' title='bbox 971 4157 1157 4247; x_wconf 88' lang='lat' dir='ltr'>Apostolus</span> <span class='ocrx_word' id='word_1_606' title='bbox 1209 4160 1386 4228; x_wconf 90' lang='lat' dir='ltr'>humanum</span> <span class='ocrx_word' id='word_1_607' title='bbox 1411 4163 1454 4226; x_wconf 89' lang='lat' dir='ltr'>sit</span> <span class='ocrx_word' id='word_1_608' title='bbox 1476 4162 1738 4240; x_wconf 89' lang='lat' dir='ltr'>inimicumDeo,</span> <span class='ocrx_word' id='word_1_609' title='bbox 1759 4164 1826 4226; x_wconf 90' lang='lat' dir='ltr'>sint</span> <span class='ocrx_word' id='word_1_610' title='bbox 1847 4159 1960 4249; x_wconf 89' lang='lat' dir='ltr'>aliqui,</span> <span class='ocrx_word' id='word_1_611' title='bbox 1983 4165 2037 4248; x_wconf 89' lang='lat' dir='ltr'>qui</span> <span class='ocrx_word' id='word_1_612' title='bbox 2056 4175 2192 4250; x_wconf 80' lang='lat' dir='ltr'>genraut</span> 
     </span>
     <span class='ocr_line' id='line_1_47' title="bbox 177 4245 1675 4332; baseline -0.001 -18"><span class='ocrx_word' id='word_1_613' title='bbox 177 4250 387 4314; x_wconf 88' lang='lat' dir='ltr'>commendat</span> <span class='ocrx_word' id='word_1_614' title='bbox 408 4249 507 4312; x_wconf 89' lang='lat' dir='ltr'>uobis</span> <span class='ocrx_word' id='word_1_615' title='bbox 530 4260 731 4314; x_wconf 87' lang='lat' dir='ltr'>conventus:</span> <span class='ocrx_word' id='word_1_616' title='bbox 767 4270 841 4313; x_wconf 89' lang='lat' dir='ltr'>cum</span> <span class='ocrx_word' id='word_1_617' title='bbox 875 4247 992 4332; x_wconf 88' lang='lat' dir='ltr'>inquit:</span> <span class='ocrx_word' id='word_1_618' title='bbox 1030 4251 1159 4327; x_wconf 63' lang='lat' dir='ltr'>molles</span> <span class='ocrx_word' id='word_1_619' title='bbox 1181 4274 1183 4327; x_wconf 83' lang='grc'>;</span> <span class='ocrx_word' id='word_1_620' title='bbox 1209 4262 1243 4313; x_wconf 92' lang='lat' dir='ltr'>ct</span> <span class='ocrx_word' id='word_1_621' title='bbox 1265 4246 1409 4314; x_wconf 66' lang='lat' dir='ltr'>stantem</span> <span class='ocrx_word' id='word_1_622' title='bbox 1431 4269 1491 4331; x_wconf 91' lang='lat' dir='ltr'>pro</span> <span class='ocrx_word' id='word_1_623' title='bbox 1513 4245 1675 4314; x_wconf 88' lang='lat' dir='ltr'>Ecclesia.</span> 
     </span>
     <span class='ocr_line' id='line_1_48' title="bbox 176 4330 2194 4420; baseline 0.002 -21"><span class='ocrx_word' id='word_1_624' title='bbox 176 4336 400 4402; x_wconf 69' lang='lat' dir='ltr'>conveneritis.</span> <span class='ocrx_word' id='word_1_625' title='bbox 443 4332 486 4398; x_wconf 88' lang='lat' dir='ltr'>Et</span> <span class='ocrx_word' id='word_1_626' title='bbox 508 4332 663 4399; x_wconf 86' lang='lat' dir='ltr'>Christus</span> <span class='ocrx_word' id='word_1_627' title='bbox 690 4335 749 4398; x_wconf 85' lang='lat' dir='ltr'>ait:</span> <span class='ocrx_word' id='word_1_628' title='bbox 787 4336 968 4418; x_wconf 76' lang='lat' dir='ltr'>Ulicnrmne</span> <span class='ocrx_word' id='word_1_629' title='bbox 999 4339 1078 4417; x_wconf 84' lang='lat' dir='ltr'>duo,</span> <span class='ocrx_word' id='word_1_630' title='bbox 1110 4340 1182 4402; x_wconf 82' lang='lat' dir='ltr'>oel</span> <span class='ocrx_word' id='word_1_631' title='bbox 1294 4336 1413 4400; x_wconf 85' lang='lat' dir='ltr'>Fuitne</span> <span class='ocrx_word' id='word_1_632' title='bbox 1447 4336 1622 4399; x_wconf 84' lang='lat' dir='ltr'>curiositas</span> <span class='ocrx_word' id='word_1_633' title='bbox 1645 4330 1831 4413; x_wconf 85' lang='lat' dir='ltr'>muliebris,</span> <span class='ocrx_word' id='word_1_634' title='bbox 1864 4335 1952 4420; x_wconf 90' lang='lat' dir='ltr'>quod</span> <span class='ocrx_word' id='word_1_635' title='bbox 1974 4332 2081 4401; x_wconf 87' lang='lat' dir='ltr'>Maria</span> <span class='ocrx_word' id='word_1_636' title='bbox 2104 4339 2194 4403; x_wconf 88' lang='lat' dir='ltr'>venit</span> 
     </span>
     <span class='ocr_line' id='line_1_49' title="bbox 176 4417 2191 4508; baseline 0 -21"><span class='ocrx_word' id='word_1_637' title='bbox 176 4429 246 4487; x_wconf 85' lang='lat' dir='ltr'>tres</span> <span class='ocrx_word' id='word_1_638' title='bbox 266 4423 456 4503; x_wconf 64' lang='lat' dir='ltr'>concrepari</span> <span class='ocrx_word' id='word_1_639' title='bbox 470 4422 615 4503; x_wconf 71' lang='lat' dir='ltr'>limini:</span> <span class='ocrx_word' id='word_1_640' title='bbox 648 4421 694 4486; x_wconf 91' lang='lat' dir='ltr'>ibi</span> <span class='ocrx_word' id='word_1_641' title='bbox 715 4418 818 4497; x_wconf 84' lang='lat' dir='ltr'>¹Filius</span> <span class='ocrx_word' id='word_1_642' title='bbox 846 4421 937 4487; x_wconf 85' lang='lat' dir='ltr'>addit</span> <span class='ocrx_word' id='word_1_643' title='bbox 954 4418 1158 4508; x_wconf 80' lang='lat' dir='ltr'>singularem</span> <span class='ocrx_word' id='word_1_644' title='bbox 1181 4448 1183 4453; x_wconf 49' lang='lat'>&gt;</span> <span class='ocrx_word' id='word_1_645' title='bbox 1208 4421 1251 4485; x_wconf 89' lang='lat' dir='ltr'>ad</span> <span class='ocrx_word' id='word_1_646' title='bbox 1284 4418 1481 4485; x_wconf 73' lang='lat' dir='ltr'>Elisabeth?</span> <span class='ocrx_word' id='word_1_647' title='bbox 1513 4417 1671 4486; x_wconf 87' lang='lat' dir='ltr'>Proiecta</span> <span class='ocrx_word' id='word_1_648' title='bbox 1704 4436 1756 4487; x_wconf 89' lang='lat' dir='ltr'>cst</span> <span class='ocrx_word' id='word_1_649' title='bbox 1788 4422 1831 4485; x_wconf 85' lang='lat' dir='ltr'>ud</span> <span class='ocrx_word' id='word_1_650' title='bbox 1854 4420 1986 4487; x_wconf 89' lang='lat' dir='ltr'>Pascha</span> <span class='ocrx_word' id='word_1_651' title='bbox 2009 4426 2191 4491; x_wconf 84' lang='lat' dir='ltr'>secundum</span> 
     </span>
     <span class='ocr_line' id='line_1_50' title="bbox 199 4503 2190 4595; baseline 0.003 -26"><span class='ocrx_word' id='word_1_652' title='bbox 199 4509 431 4572; x_wconf 87' lang='lat' dir='ltr'>romissionem</span> <span class='ocrx_word' id='word_1_653' title='bbox 465 4507 735 4595; x_wconf 81' lang='lat' dir='ltr'>congregationi:</span> <span class='ocrx_word' id='word_1_654' title='bbox 767 4510 834 4574; x_wconf 81' lang='lat' dir='ltr'>Ero</span> <span class='ocrx_word' id='word_1_655' title='bbox 856 4508 889 4571; x_wconf 92' lang='lat' dir='ltr'>in</span> <span class='ocrx_word' id='word_1_656' title='bbox 910 4509 1017 4574; x_wconf 82' lang='lat' dir='ltr'>medtb</span> <span class='ocrx_word' id='word_1_657' title='bbox 1038 4527 1156 4573; x_wconf 78' lang='lat' dir='ltr'>emron.</span> <span class='ocrx_word' id='word_1_658' title='bbox 1180 4576 1183 4589; x_wconf 66' lang='grc'>,</span> <span class='ocrx_word' id='word_1_659' title='bbox 1208 4503 1329 4592; x_wconf 79' lang='lat' dir='ltr'>legem.</span> <span class='ocrx_word' id='word_1_660' title='bbox 1374 4505 1406 4570; x_wconf 91' lang='lat' dir='ltr'>A</span> <span class='ocrx_word' id='word_1_661' title='bbox 1428 4504 1596 4572; x_wconf 88' lang='lat' dir='ltr'>Paschate</span> <span class='ocrx_word' id='word_1_662' title='bbox 1632 4508 1755 4579; x_wconf 89' lang='lat' dir='ltr'>mansit</span> <span class='ocrx_word' id='word_1_663' title='bbox 1780 4507 1824 4571; x_wconf 89' lang='lat' dir='ltr'>ibi</span> <span class='ocrx_word' id='word_1_664' title='bbox 1847 4510 2017 4595; x_wconf 82' lang='lat' dir='ltr'>usquead</span> <span class='ocrx_word' id='word_1_665' title='bbox 2040 4511 2190 4576; x_wconf 87' lang='lat' dir='ltr'>nativita-</span> 
     </span>
     <span class='ocr_line' id='line_1_51' title="bbox 175 4527 2192 4680; baseline 0.003 -24"><span class='ocrx_word' id='word_1_666' title='bbox 175 4527 267 4679; x_wconf 69' lang='lat' dir='ltr'>Ergo</span> <span class='ocrx_word' id='word_1_667' title='bbox 291 4615 365 4660; x_wconf 92' lang='lat' dir='ltr'>cum</span> <span class='ocrx_word' id='word_1_668' title='bbox 388 4595 543 4679; x_wconf 85' lang='lat' dir='ltr'>cogitatis</span> <span class='ocrx_word' id='word_1_669' title='bbox 566 4592 608 4658; x_wconf 89' lang='lat' dir='ltr'>de</span> <span class='ocrx_word' id='word_1_670' title='bbox 630 4590 851 4679; x_wconf 91' lang='lat' dir='ltr'>pulcherrimo</span> <span class='ocrx_word' id='word_1_671' title='bbox 882 4607 915 4658; x_wconf 94' lang='lat' dir='ltr'>et</span> <span class='ocrx_word' id='word_1_672' title='bbox 944 4593 1156 4659; x_wconf 80' lang='lat' dir='ltr'>sanctissimo</span> <span class='ocrx_word' id='word_1_673' title='bbox 1209 4606 1275 4657; x_wconf 90' lang='lat' dir='ltr'>tem</span> <span class='ocrx_word' id='word_1_674' title='bbox 1298 4592 1474 4669; x_wconf 81' lang='lat' dir='ltr'>loharrnis3</span> <span class='ocrx_word' id='word_1_675' title='bbox 1507 4593 1586 4679; x_wconf 90' lang='lat' dir='ltr'>quia</span> <span class='ocrx_word' id='word_1_676' title='bbox 1608 4591 1741 4660; x_wconf 89' lang='lat' dir='ltr'>Pascha</span> <span class='ocrx_word' id='word_1_677' title='bbox 1762 4593 1928 4659; x_wconf 85' lang='lat' dir='ltr'>ludoicum</span> <span class='ocrx_word' id='word_1_678' title='bbox 1951 4591 2010 4659; x_wconf 83' lang='lat' dir='ltr'>fuit</span> <span class='ocrx_word' id='word_1_679' title='bbox 2032 4597 2066 4660; x_wconf 89' lang='lat' dir='ltr'>in</span> <span class='ocrx_word' id='word_1_680' title='bbox 2090 4617 2192 4680; x_wconf 90' lang='lat' dir='ltr'>oppo-</span> 
     </span>
     <span class='ocr_line' id='line_1_52' title="bbox 171 4675 2192 4767; baseline 0.001 -22"><span class='ocrx_word' id='word_1_681' title='bbox 171 4675 236 4745; x_wconf 84' lang='lat' dir='ltr'>illo</span> <span class='ocrx_word' id='word_1_682' title='bbox 260 4691 440 4758; x_wconf 75' lang='lat' dir='ltr'>conventit,</span> <span class='ocrx_word' id='word_1_683' title='bbox 458 4681 556 4747; x_wconf 87' lang='lat' dir='ltr'>etiam</span> <span class='ocrx_word' id='word_1_684' title='bbox 577 4701 639 4745; x_wconf 85' lang='lat' dir='ltr'>vos</span> <span class='ocrx_word' id='word_1_685' title='bbox 662 4681 1100 4766; x_wconf 75' lang='lat' dir='ltr'>congregatioucmamctis,</span> <span class='ocrx_word' id='word_1_686' title='bbox 1125 4690 1158 4743; x_wconf 89' lang='lat' dir='ltr'>ct</span> <span class='ocrx_word' id='word_1_687' title='bbox 1211 4680 1331 4745; x_wconf 87' lang='lat' dir='ltr'>sitione</span> <span class='ocrx_word' id='word_1_688' title='bbox 1352 4679 1446 4763; x_wconf 82' lang='lat' dir='ltr'>primi</span> <span class='ocrx_word' id='word_1_689' title='bbox 1471 4683 1614 4760; x_wconf 89' lang='lat' dir='ltr'>mensis,</span> <span class='ocrx_word' id='word_1_690' title='bbox 1647 4701 1733 4767; x_wconf 88' lang='lat' dir='ltr'>quac</span> <span class='ocrx_word' id='word_1_691' title='bbox 1753 4680 1867 4747; x_wconf 87' lang='lat' dir='ltr'>incidit</span> <span class='ocrx_word' id='word_1_692' title='bbox 1886 4682 2004 4764; x_wconf 86' lang='lat' dir='ltr'>partim</span> <span class='ocrx_word' id='word_1_693' title='bbox 2026 4681 2057 4745; x_wconf 90' lang='lat' dir='ltr'>in</span> <span class='ocrx_word' id='word_1_694' title='bbox 2078 4680 2192 4748; x_wconf 83' lang='lat' dir='ltr'>Marti·</span> 
     </span>
     <span class='ocr_line' id='line_1_53' title="bbox 176 4760 2191 4854; baseline 0.004 -26"><span class='ocrx_word' id='word_1_695' title='bbox 176 4760 355 4845; x_wconf 85' lang='lat' dir='ltr'>laetemini,</span> <span class='ocrx_word' id='word_1_696' title='bbox 376 4768 465 4853; x_wconf 88' lang='lat' dir='ltr'>quod</span> <span class='ocrx_word' id='word_1_697' title='bbox 489 4788 564 4833; x_wconf 91' lang='lat' dir='ltr'>cum</span> <span class='ocrx_word' id='word_1_698' title='bbox 584 4762 662 4837; x_wconf 83' lang='lat' dir='ltr'>aliis</span> <span class='ocrx_word' id='word_1_699' title='bbox 673 4766 802 4831; x_wconf 86' lang='lat' dir='ltr'>sanctis</span> <span class='ocrx_word' id='word_1_700' title='bbox 817 4768 997 4843; x_wconf 85' lang='lat' dir='ltr'>convenire</span> <span class='ocrx_word' id='word_1_701' title='bbox 1014 4766 1156 4852; x_wconf 78' lang='lat' dir='ltr'>potestis</span> <span class='ocrx_word' id='word_1_702' title='bbox 1208 4788 1280 4845; x_wconf 91' lang='lat' dir='ltr'>um,</span> <span class='ocrx_word' id='word_1_703' title='bbox 1302 4765 1421 4850; x_wconf 89' lang='lat' dir='ltr'>partim</span> <span class='ocrx_word' id='word_1_704' title='bbox 1444 4767 1476 4832; x_wconf 92' lang='lat' dir='ltr'>in</span> <span class='ocrx_word' id='word_1_705' title='bbox 1499 4765 1666 4853; x_wconf 86' lang='lat' dir='ltr'>Aprilem:</span> <span class='ocrx_word' id='word_1_706' title='bbox 1702 4766 1823 4833; x_wconf 89' lang='lat' dir='ltr'>mansit</span> <span class='ocrx_word' id='word_1_707' title='bbox 1844 4767 1945 4854; x_wconf 78' lang='lat' dir='ltr'>igitur</span> <span class='ocrx_word' id='word_1_708' title='bbox 1961 4767 1994 4832; x_wconf 90' lang='lat' dir='ltr'>in</span> <span class='ocrx_word' id='word_1_709' title='bbox 2017 4764 2105 4833; x_wconf 83' lang='lat' dir='ltr'>festo</span> <span class='ocrx_word' id='word_1_710' title='bbox 2127 4767 2191 4847; x_wconf 79' lang='lat' dir='ltr'>Pa·</span> 
     </span>
     <span class='ocr_line' id='line_1_54' title="bbox 175 4848 2192 4944; baseline -0.001 -21"><span class='ocrx_word' id='word_1_711' title='bbox 175 4857 218 4923; x_wconf 69' lang='lat' dir='ltr'>ati</span> <span class='ocrx_word' id='word_1_712' title='bbox 235 4853 717 4927; x_wconf 76' lang='lat' dir='ltr'>commtmemmvumamem.</span> <span class='ocrx_word' id='word_1_713' title='bbox 758 4851 807 4919; x_wconf 86' lang='lat' dir='ltr'>Co</span> <span class='ocrx_word' id='word_1_714' title='bbox 834 4854 913 4919; x_wconf 83' lang='lat' dir='ltr'>&#39;tate</span> <span class='ocrx_word' id='word_1_715' title='bbox 933 4854 1043 4933; x_wconf 80' lang='lat' dir='ltr'>etiam,</span> <span class='ocrx_word' id='word_1_716' title='bbox 1066 4853 1156 4939; x_wconf 86' lang='lat' dir='ltr'>quod</span> <span class='ocrx_word' id='word_1_717' title='bbox 1206 4851 1352 4932; x_wconf 84' lang='lat' dir='ltr'>schutis,</span> <span class='ocrx_word' id='word_1_718' title='bbox 1384 4863 1418 4916; x_wconf 90' lang='lat' dir='ltr'>et</span> <span class='ocrx_word' id='word_1_719' title='bbox 1449 4850 1679 4922; x_wconf 88' lang='lat' dir='ltr'>Pentecostes.</span> <span class='ocrx_word' id='word_1_720' title='bbox 1723 4850 1761 4919; x_wconf 90' lang='lat' dir='ltr'>ln</span> <span class='ocrx_word' id='word_1_721' title='bbox 1782 4853 1856 4919; x_wconf 85' lang='lat' dir='ltr'>istis</span> <span class='ocrx_word' id='word_1_722' title='bbox 1877 4848 1974 4918; x_wconf 86' lang='lat' dir='ltr'>iestis</span> <span class='ocrx_word' id='word_1_723' title='bbox 1997 4858 2192 4944; x_wconf 75' lang='lat' dir='ltr'>congregati</span> 
     </span>
     <span class='ocr_line' id='line_1_55' title="bbox 161 4934 2187 5025; baseline 0.003 -23"><span class='ocrx_word' id='word_1_724' title='bbox 161 4934 637 5013; x_wconf 70' lang='lat' dir='ltr'>-invocemuezcum-Ecclesia</span> <span class='ocrx_word' id='word_1_725' title='bbox 656 4952 724 5004; x_wconf 83' lang='lat' dir='ltr'>tuor</span> <span class='ocrx_word' id='word_1_726' title='bbox 748 4960 788 5015; x_wconf 89' lang='lat' dir='ltr'>co</span> <span class='ocrx_word' id='word_1_727' title='bbox 823 4939 900 5018; x_wconf 88' lang='lat' dir='ltr'>esti,</span> <span class='ocrx_word' id='word_1_728' title='bbox 923 4951 992 5007; x_wconf 85' lang='lat' dir='ltr'>tam</span> <span class='ocrx_word' id='word_1_729' title='bbox 1014 4939 1155 5025; x_wconf 71' lang='lat' dir='ltr'>quaein</span> <span class='ocrx_word' id='word_1_730' title='bbox 1207 4951 1285 5005; x_wconf 82' lang='lat' dir='ltr'>eunt</span> <span class='ocrx_word' id='word_1_731' title='bbox 1303 4959 1376 5003; x_wconf 88' lang='lat' dir='ltr'>cum</span> <span class='ocrx_word' id='word_1_732' title='bbox 1394 4940 1536 5016; x_wconf 82' lang='lat' dir='ltr'>sanctis3</span> <span class='ocrx_word' id='word_1_733' title='bbox 1554 4942 1750 5015; x_wconf 85' lang='lat' dir='ltr'>audiverunt</span> <span class='ocrx_word' id='word_1_734' title='bbox 1781 4942 1960 5007; x_wconf 85' lang='lat' dir='ltr'>conciones</span> <span class='ocrx_word' id='word_1_735' title='bbox 1985 4940 2187 5022; x_wconf 78' lang='lat' dir='ltr'>Zachariae,</span> 
     </span>
     <span class='ocr_line' id='line_1_56' title="bbox 159 5018 2192 5116; baseline 0.004 -31"><span class='ocrx_word' id='word_1_736' title='bbox 159 5034 349 5099; x_wconf 60' lang='grc' dir='ltr'>,ωτι-εει</span> <span class='ocrx_word' id='word_1_737' title='bbox 381 5021 499 5101; x_wconf 63' lang='lat' dir='ltr'>sicud</span> <span class='ocrx_word' id='word_1_738' title='bbox 517 5026 620 5101; x_wconf 80' lang='lat' dir='ltr'>etiam</span> <span class='ocrx_word' id='word_1_739' title='bbox 643 5026 814 5113; x_wconf 75' lang='lat' dir='ltr'>cogitate„</span> <span class='ocrx_word' id='word_1_740' title='bbox 841 5026 935 5110; x_wconf 87' lang='lat' dir='ltr'>quod·</span> <span class='ocrx_word' id='word_1_741' title='bbox 954 5025 1047 5093; x_wconf 87' lang='lat' dir='ltr'>Deus</span> <span class='ocrx_word' id='word_1_742' title='bbox 1075 5018 1156 5107; x_wconf 72' lang='lat' dir='ltr'>uelit</span> <span class='ocrx_word' id='word_1_743' title='bbox 1195 5024 1526 5116; x_wconf 70' lang='lat' dir='ltr'>‚Sitneopis,Apnae,</span> <span class='ocrx_word' id='word_1_744' title='bbox 1548 5024 2036 5111; x_wconf 78' lang='lat' dir='ltr'>ccrrveueruutaddoctrirtam,</span> <span class='ocrx_word' id='word_1_745' title='bbox 2058 5031 2192 5097; x_wconf 89' lang='lat' dir='ltr'>adcon·</span> 
     </span>
     <span class='ocr_line' id='line_1_57' title="bbox 157 5104 2191 5197; baseline 0.003 -22"><span class='ocrx_word' id='word_1_746' title='bbox 157 5126 255 5187; x_wconf 66' lang='lat' dir='ltr'>aasse</span> <span class='ocrx_word' id='word_1_747' title='bbox 273 5104 489 5197; x_wconf 55' lang='lat' dir='ltr'>synancem</span> <span class='ocrx_word' id='word_1_748' title='bbox 513 5130 715 5193; x_wconf 74' lang='lat' dir='ltr'>cmtscpsum</span> <span class='ocrx_word' id='word_1_749' title='bbox 738 5111 942 5183; x_wconf 75' lang='lat' dir='ltr'>domorum·</span> <span class='ocrx_word' id='word_1_750' title='bbox 1063 5182 1067 5189; x_wconf 91' lang='lat'>.</span> <span class='ocrx_word' id='word_1_751' title='bbox 1177 5105 1421 5193; x_wconf 73' lang='lat' dir='ltr'>solationem,</span> <span class='ocrx_word' id='word_1_752' title='bbox 1456 5124 1489 5178; x_wconf 92' lang='lat' dir='ltr'>et</span> <span class='ocrx_word' id='word_1_753' title='bbox 1511 5113 1722 5181; x_wconf 89' lang='lat' dir='ltr'>coniunctam</span> <span class='ocrx_word' id='word_1_754' title='bbox 1755 5111 2009 5180; x_wconf 87' lang='lat' dir='ltr'>invocationem.</span> <span class='ocrx_word' id='word_1_755' title='bbox 2055 5114 2191 5189; x_wconf 83' lang='lat' dir='ltr'>Sirueou</span> 
     </span>
    </p>
   </div>
   <div class='ocr_carea' id='block_1_5' title="bbox 1936 5233 1989 5286">
    <p class='ocr_par' dir='ltr' id='par_1_5' title="bbox 1936 5233 1989 5286">
     <span class='ocr_line' id='line_1_58' title="bbox 1936 5233 1989 5286; baseline 0 0"><span class='ocrx_word' id='word_1_756' title='bbox 1936 5233 1989 5286; x_wconf 86' lang='lat'>11·</span> 
     </span>
    </p>
   </div>
   <div class='ocr_carea' id='block_1_6' title="bbox 1342 4074 2191 4164">
    <p class='ocr_par' dir='ltr' id='par_1_6' title="bbox 1342 4074 2191 4164">
     <span class='ocr_line' id='line_1_59' title="bbox 1342 4074 2191 4164; baseline 0.007 -24"><span class='ocrx_word' id='word_1_757' title='bbox 1342 4076 1498 4140; x_wconf 64' lang='lat' dir='ltr'>ansanus</span> <span class='ocrx_word' id='word_1_758' title='bbox 1530 4077 1614 4141; x_wconf 78' lang='lat' dir='ltr'>siem</span> <span class='ocrx_word' id='word_1_759' title='bbox 1647 4076 1800 4140; x_wconf 77' lang='lat' dir='ltr'>Sodoma.</span> <span class='ocrx_word' id='word_1_760' title='bbox 1861 4074 1913 4141; x_wconf 90' lang='lat' dir='ltr'>Ne</span> <span class='ocrx_word' id='word_1_761' title='bbox 1945 4088 2050 4143; x_wconf 90' lang='lat' dir='ltr'>toturn</span> <span class='ocrx_word' id='word_1_762' title='bbox 2083 4096 2191 4164; x_wconf 76' lang='lat' dir='ltr'>genus·</span> 
     </span>
    </p>
   </div>
   <div class='ocr_carea' id='block_1_7' title="bbox 0 0 2321 5588">
    <p class='ocr_par' dir='ltr' id='par_1_7' title="bbox 0 0 2321 5588">
     <span class='ocr_line' id='line_1_60' title="bbox 0 0 2321 5588; baseline 0 0"><span class='ocrx_word' id='word_1_763' title='bbox 0 0 2321 5588; x_wconf 95' lang='lat' dir='ltr'> </span> 
     </span>
    </p>
   </div>
  </div>
 </body>
</html>
