4620 5588
140 182 247 258 tlt·

784 114 1024 253 relatura.
1047 172 1524 254 emmerammum.
1561 194 1594 255 ς

231 378 324 444 Haec
342 378 454 443 omnia
475 388 554 444 sunt
574 373 629 441 hic
650 377 796 443 indicata
813 368 846 441 ni
864 376 1043 445 eversione
1054 373 1131 442 Hie·
1180 395 1246 441 nae
1268 378 1310 440 ad
1331 377 1475 461 petenda
1497 379 1587 444 bona
1607 382 1825 460 necessaria,
1861 393 1896 447 et
1928 384 2080 449 addenda
2101 384 2163 450 'est

143 464 240 535 rosel
267 485 354 542 mae3
387 475 421 529 et
452 460 519 529 bac
550 473 629 529 sunt
658 481 789 547 poenae
810 460 1032 542 idololatriae,
1054 482 1129 527 cor·

144 488 348 639 ruptelarum
372 552 561 630 doctrinae,
594 547 836 615 confusionumt
858 550 892 613 in
925 546 1127 615 libidinibus.

145 644 282 724 Semper
303 639 362 704 ubi
384 649 435 703 est
456 635 655 716 idololatria,
676 637 722 701 ibi
743 647 796 701 est
818 655 951 722 quoque
973 634 1127 703 conlusio

145 727 300 792 seminis:
334 725 412 811 quia
441 726 582 790 castitas
614 722 786 808 proprium
814 734 1043 789 ornamentum
1076 731 1130 787 est

145 810 334 891 Ecclesiae,
362 822 399 878 ut
420 811 501 876 dicit
523 807 666 874 Paulusr
695 812 771 877 Ideo
788 810 929 877 nocuo
946 829 1001 876 eos
1021 813 1056 873 r'n
1077 828 1128 874 re·

140 903 280 985 modurn
307 917 445 965 sensum
505 896 626 963 Videte
649 895 828 980 Papaturn,
863 893 980 982 quales
1013 892 1129 960 conib-

32 1000 35 1014 ·
146 986 261 1052 slones
278 987 324 1050 ibi
345 995 425 1052 sunt
444 981 629 1049 libidinum!
674 984 740 1051 Sic·
753 983 886 1063 videtis,
919 1002 1020 1049 censer
1040 985 1130 1050 oolrlr

144 1073 233 1139 airu
264 1072 349 1139 auct
381 1078 473 1143 urat,
505 1072 577 1143 aiu.
610 1073 680 1136 und
709 1071 910 1153 moravilla,
939 1067 1039 1149 fricet
1061 1070 1131 1135 und

145 1164 250 1241 ceufft.
316 1157 449 1224 Deinde
482 1169 667 1244 sequuntur
704 1153 878 1234 libidines,
925 1167 958 1221 et
983 1157 1129 1221 tandem

145 1264 286 1330 poenae,
307 1242 419 1311 laxata
441 1242 628 1330 disciplina
682 1241 803 1308 Omnia
831 1241 933 1328 plena
954 1254 1031 1307 sunt
1052 1261 1129 1328 pro-

145 1330 263 1418 digiis,
306 1332 368 1397 sed
401 1351 468 1397 non
500 1341 628 1396 tentum
662 1326 935 1395 constellationes
967 1330 1127 1407 siderum,

145 1428 204 1485 aut
226 1414 397 1484 stellarum
420 1419 567 1503 positus;
588 1418 652 1482 sed
673 1417 772 1481 etiam
793 1413 916 1482 laxatio
934 1416 1016 1481 disci
1040 1415 1129 1481 linae

144 1515 200 1571 est
234 1506 369 1593 signam
414 1503 605 1570 mutationis
639 1503 865 1588 lmperiorum.
926 1438 1129 1568 Accelerant

70 1639 75 1655 .
145 1588 245 1657 etiam
266 1591 467 1657 mutationes
489 1588 565 1656 illas
586 1593 741 1674 βουλιμίαι
761 1590 957 1675 principum,
984 1601 1021 1654 ut
1042 1589 1130 1654 dice·

50 1699 54 1709 ·
126 1676 205 1747 ,bat
237 1675 386 1762 Capnior
424 1680 557 1756 Quando
587 1677 856 1760 cwduplr’rantur
886 1681 1019 1758 ιιιενεε,
1054 1685 1130 1741 tunc

146 1767 235 1831 venit
252 1769 367 1850 dieses.
419 1765 476 1829 Sic
498 1783 631 1850 qnoque
664 1783 740 1829 cum
771 1760 903 1828 lanantr
937 1760 1128 1845 disciplina;

148 1869 223 1916 cum
246 1871 350 1917 onera
372 1861 545 1917 crescunt:
578 1850 716 1935 imperia
749 1869 816 1914 noar
839 1858 987 1936 possunt
1008 1850 1129 1928 durare

65 1981 69 1990 ι
148 1936 281 2002 diutius-
338 1935 423 2005 Cum
454 1936 596 2020 Romae,
629 1947 748 2022 quater
776 1938 979 2002 centesimae
1004 1937 1038 1999 in
1064 1956 1130 2000 usu

145 2016 291 2103 fuerant,
325 2035 358 2088 et
390 2021 477 2090 aliae
510 2020 788 2107 compilationes,
831 2033 912 2089 tunc
950 2024 1131 2088 veniebant

78 2190 81 2194 μ
146 2128 289 2195 ροοιιιιο,
310 2108 412 2177 lulius
431 2121 463 2174 et
484 2108 664 2195 Pompeius
685 2109 876 2175 intestinum
904 2106 1027 2175 bellurn
1050 2109 1130 2174 incr-

146 2195 292 2281 piebant.
323 2195 432 2262 'Deus
454 2197 543 2263 adsit
563 2198 673 2276 nobis,
697 2208 731 2261 et
749 2196 876 2284 mitiget
897 2216 1036 2283 poenas.

250 2649 397 2711 Domus
432 2664 535 2730 mcc,
575 2643 723 2711 Domus
758 2647 1027 2728 precationis.

287 2859 663 2960 Debentne'etiam
694 2902 782 2958 esse
811 2874 990 2988 templa?

236 3107 384 3174 Debent.
427 3107 566 3183 Quare?
608 3107 648 3173 ln
672 3108 777 3174 veteri
798 3106 1013 3175 Testamenta
1036 3106 1133 3175 Deus

148 3196 373 3276 ordinaverat,
395 3208 432 3262 ut
453 3207 546 3262 esset
567 3216 653 3261 uuus
665 3193 777 3276 loeus,
797 3198 855 3263 ubi
872 3196 1132 3276 sacrificaretur,

148 3278 205 3370 qul
227 3283 320 3366 prius
343 3295 396 3348 cst
419 3282 527 3348 dictus
549 3283 800 3368 tabernaculum,
827 3283 946 3350 deinde
976 3281 1131 3367 templum

146 3390 168 3436 a
190 3366 374 3435 Salomone
395 3380 593 3437 extructum.
644 3370 753 3435 Nobis
782 3381 924 3436 nonest
952 3371 1131 3434 mandatus

146 3474 234 3523 unus
256 3453 366 3536 locus,
387 3458 449 3523 sed
472 3477 590 3543 genus.
645 3453 803 3549 Ecclesia
833 3459 912 3522 novi
930 3456 1133 3522 Testamenti

146 3542 250 3608 lecbet
271 3540 781 3628 promissioncrnternporalium
803 3545 980 3623 bonorum,
1006 3565 1074 3609 non
1096 3556 1133 3610 ut

145 3627 258 3695 ludaei
289 3631 477 3696 habuerunt
515 3631 549 3694 in
587 3631 700 3716 specie
741 3632 1000 3717 promissionem
1034 3632 1131 3697 istius

145 3726 280 3791 terrae:
322 3737 387 3783 nos
420 3717 582 3782 habemus
625 3717 883 3802 promissionem
926 3719 959 3783 in
1024 3738 1132 3800 encre,

146 3805 241 3887 quod
260 3802 356 3869 Deus
389 3805 423 3869 in
459 3804 525 3868 hoc
557 3804 627 3870 vita
653 3801 733 3869 velit
766 3825 904 3871 servare
930 3738 1131 3871 Ecclesiam.

93 3921 97 3930 ·
145 3889 203 3954 Sic
224 3888 388 3955 babemus
419 3892 518 3957 etiam
546 3891 737 3955 mandatum
770 3891 975 3977 degenere,
1009 3903 1046 3955 ut
1067 3892 1132 3955 sint

144 3973 278 4041 honesti
302 3997 520 4063 congressus,
542 3978 732 4062 ubicunque
754 3989 844 4055 sunt,
872 3979 933 4042 sed
965 3989 1074 4042 tamen
1098 3991 1133 4044 ut

144 4062 212 4127 sint
227 4062 317 4128 ,certi
339 4076 372 4128 et
394 4066 501 4129 minus
523 4063 757 4142 schismatum,
787 4064 908 4128 bonum
939 4076 990 4128 est
1009 4065 1042 4128 in
1064 4085 1132 4129 uno

144 4144 223 4213 loco
246 4152 438 4215 convenire.
482 4149 562 4216 ideo
583 4147 710 4215 Paulus
733 4150 853 4234 iuquit:
880 4151 1134 4234 Quotiescunque

145 4237 369 4303 conveneritis.

217 4372 327 4438 ‘Deus
350 4371 420 4439 vult
442 4374 583 4460 agnosci
605 4371 735 4453 Filium,
757 4385 792 4439 et
808 4374 871 4438 sibi
890 4369 1052 4460 colligere
1068 4373 1133 4438 Ec·

146 4457 286 4525 alesiam
309 4461 341 4524 in
365 4471 435 4527 toto
458 4480 582 4547 genere
603 4458 761 4539 humano,
791 4471 826 4527 et
847 4460 935 4526 hane
958 4458 1030 4526 vult
1052 4480 1133 4527 con·

144 4547 245 4629 spici:
268 4545 356 4612 hane
378 4544 452 4612 vult
474 4567 691 4625 conservare,
715 4548 823 4613 donec
846 4558 957 4612 nranet
979 4548 1131 4613 mundus.

144 4632 243 4698 Sicut
265 4632 392 4700 Paulus
415 4635 537 4717 inquit:
560 4636 628 4699 Hoc
646 4640 758 4717 facite,
780 4638 883 4701 donec
904 4635 1038 4701 eenm't.
1070 4633 1134 4699 Est

143 4715 287 4805 pulchra
310 4717 510 4785 consolatio.
553 4719 678 4785 Domus
695 4741 783 4788 mea:
804 4723 836 4786 id
859 4733 923 4801 est,
946 4718 1002 4786 ille
1025 4719 1133 4805 publi·

145 4826 439 4896 cnscongressus,
462 4806 653 4891 ubicunque
676 4821 738 4885 est,
761 4818 812 4874 cst
827 4811 939 4873 domur
962 4809 1130 4875 orationis.

145 4889 233 4965 Quid
269 4914 329 4978 per
365 4896 547 4959 orationem
581 4891 760 4980 intelligit?
812 4892 970 4980 intelligit
997 4894 1132 4960 invoca·

143 4979 266 5043 tioncrn
313 5000 388 5046 cum
431 4980 607 5056 doctrina3
647 4981 805 5046 debemus
850 4998 972 5046 sonare
1016 5002 1133 5046 veram

144 5063 337 5140 doctrinam,
359 5078 393 5133 et
415 5067 625 5133 incendenda
647 5078 700 5132 est
720 5067 889 5133 invocatio
901 5086 987 5133 voce
1009 5066 1132 5164 dpctri·

1180 463 1361 613 pretiorum
1393 466 1492 530 actio.
1554 463 1646 530 Haec
1679 464 1751 531 lieri
1785 465 1855 533 vult
1888 468 1982 535 Deus
2015 468 2159 555 publice.

1209 562 1361 615 raeterea
1382 547 1455 615 vult
1482 550 1764 638 unumquemlibet
1795 574 1875 619 essa
1906 553 2064 642 templum
2085 557 2161 637 Dei,

1179 647 1217 701 nt
1244 635 1383 701 dicitur:
1418 640 1576 704 Veniemus
1597 643 1643 705 ad
1662 659 1749 722 euru,
1782 651 1814 707 et
1844 651 2044 710 mamwncm
2076 647 2165 727 apud

1180 741 1254 789 eum
1278 729 1452 807 faciemus·
1517 723 1568 791 Tu
1600 737 1654 791 est
1683 724 1847 813 ,templum
1869 726 1946 806 Del,
1978 750 2054 795 curn
2087 733 2162 816 agis

1180 811 1428 894 poenitentiam,
1464 823 1498 879 et
1515 823 1686 878 sustentas
1718 825 1753 879 te
1784 835 1872 881 voce
1903 813 2096 904 Evangelii,
2129 826 2164 881 et

1179 897 1319 963 invocas
1341 895 1461 962 Deum.
1505 897 1542 962 ln
1564 897 1630 965 bae
1651 902 1873 973 conversione
1895 913 1928 967 et
1950 903 2162 969 invocatione

1179 1004 1219 1049 es
1241 981 1449 1063 domusDei‚
1472 995 1504 1050 et
1525 982 1698 1072 templum:
1721 998 1754 1051 et
1775 999 1812 1053 ut
1832 990 1865 1053 in
1881 986 2016 1075 publico
2038 985 2162 1075 templo

1180 1080 1233 1136 est
1253 1071 1422 1137 invocatio
1444 1083 1478 1136 et
1499 1074 1681 1161 gratiarum
1703 1074 1802 1152 actio,
1824 1076 1875 1141 sic
1898 1086 1934 1141 tu
1956 1075 2061 1141 debes
2083 1095 2164 1142 esse

1180 1153 1268 1238 talis,
1289 1168 1384 1224 recte
1402 1159 1505 1224 debes
1527 1158 1820 1241 invocareDeum,
1843 1159 2026 1228 doctrinam
2047 1182 2164 1229 veram

1179 1245 1323 1324 discere,
1344 1256 1378 1310 et
1400 1245 1527 1333 gratias
1549 1267 1661 1334 agere.

1266 1367 1334 1448 Eoo
1355 1367 1521 1447 dubitabo,
1551 1368 1657 1455 inquit
1678 1365 1859 1449 Dominae,
1893 1375 1928 1436 tn
1949 1370 2006 1436 aa.
2059 1367 2164 1455 igitur

1179 1451 1322 1519 libenter
1344 1454 1417 1519 sitis
1438 1455 1473 1520 in
1486 1456 1726 1542 congressibus
1738 1453 1927 1522 Ecclesiae:
1949 1450 2061 1522 Nolite
2083 1475 2164 1519 con·

1180 1553 1330 1606 temnere
1363 1542 1597 1622 ministerium,
1638 1554 1675 1607 ut
1707 1542 1839 1628 quidam
1879 1539 2016 1609 iaciunt·
2081 1541 2164 1607 Dux

1180 1623 1351 1705 Albertus,
1372 1647 1456 1694 avus
1478 1629 1576 1695 buius
1600 1628 1694 1694 ducis
1716 1629 1966 1713 potentissimus
1993 1628 2164 1715 princeps,

1181 1733 1256 1802 curn
1277 1715 1375 1779 rediit
1395 1713 1533 1782 Parisiis
1554 1717 1589 1782 in
1611 1715 1761 1802 patriam,
1785 1727 1856 1781 erat
1872 1714 2058 1781 iamsactus
2076 1715 2164 1780 Bac·

1180 1796 1356 1866 calameta
1378 1802 1470 1886 iuris,
1492 1803 1550 1869 ivit
1573 1804 1629 1868 diu
1650 1804 1684 1867 in
1695 1799 1827 1868 crrculla
1839 1799 2051 1868 baccalaurei
2063 1801 2163 1867 domi.

1180 1887 1216 1952 Si
1238 1888 1302 1953 iam
1324 1884 1458 1976 aliquis,
1480 1911 1548 1957 non
1571 1889 1646 1955 dico
1677 1890 1834 1975 princeps
1861 1902 1919 1954 aut
1939 1885 2075 1969 nobilis,
2102 1887 2165 1953 scd

1180 1972 1267 2039 alius
1285 1976 1416 2040 veniret
1437 1975 1591 2055 domum,
1620 1989 1654 2041 et
1675 1976 1846 2043 incederet
1871 1973 2043 2040 inhabita
2064 1970 2165 2039 scho-

1180 2060 1318 2133 lastico,
1353 2063 1431 2147 quid
1464 2061 1611 2129 suturam
1651 2062 1765 2130 esset?
1828 2061 1944 2127 Vestis
1976 2082 2046 2126 non
2084 2057 2165 2126 facit

1181 2145 1394 2229 monachum,
1416 2153 1455 2214 'et
1475 2160 1587 2215 tamen
1610 2168 1713 2235 saepe
1734 2159 1788 2215 est
1813 2149 1947 2236 signum
1967 2148 2072 2226 vitae,
2105 2144 2164 2212 vel

1182 2233 1340 2316 effrenis,
1379 2231 1437 2301 vel
1476 2237 1671 2314 modestae,
1712 2236 1799 2301 sicut
1836 2236 1919 2300 dixit
1956 2233 2165 2300 Herodotus:

1141 2342 1142 2345 ’
1180 2323 1298 2389 Mulier
1324 2325 1470 2406 &posita
1503 2332 1605 2403 certe,
1636 2326 1769 2407 ιιιροιιὶι
1794 2325 1962 2406 madorem.
2007 2320 2075 2386 Sed
2096 2340 2165 2385 non

1181 2407 1291 2474 solum
1313 2408 1442 2488 mulier,
1464 2412 1527 2475 sed
1549 2411 1647 2475 etiarn
1668 2406 1879 2475 adolescens.
1915 2406 2043 2474 Ennius
2067 2406 2165 2472 diuite

1181 2498 1354 2578 It'lcpz'tium
1387 2506 1437 2563 eu
1454 2499 1636 2580 prircctpem
1663 2497 1791 2563 mucre
1818 2514 1937 2578 carptus
1959 2500 2046 2560 inter
2066 2496 2163 2559 ciacc.

1180 2581 1250 2648 lam
1279 2584 1403 2651 incedit
1433 2584 1588 2649 iuventus
1632 2580 1717 2648 adeo
1757 2583 1969 2661 immodeste,
2009 2592 2045 2645 ut
2077 2576 2166 2645 oculi

1180 2680 1361 2756 propterea
1383 2669 1480 2735 bonis
1501 2666 1646 2736 doleant.

1269 2806 1333 2872 llic
1365 2807 1502 2874 diciturt
1543 2810 1599 2873 Vae
1630 2811 1814 2890 spebtncarn
1840 2811 2001 2873 latronum
2028 2805 2166 2886 sensns.

1183 2891 1247 2967 Qut
1269 2913 1338 2959 non
1360 2903 1464 2979 agunt
1483 2894 1737 2980 poenitentiam,
1764 2890 1891 2958 iaciunt
1914 2911 1955 2958 se
1983 2887 2166 3040 speluncas

1182 2977 1360 3059 laconum,
1381 2981 1501 3059 idest,
1525 2979 1747 3044 diabolorum.
1803 2979 1860 3047 Sic
1881 2981 1915 3045 in
1938 2978 2006 3044 Ece
2020 2976 2104 3056 esic,
2135 2976 2171 3042 si

1183 3087 1250 3133 uon
1273 3077 1326 3132 cst
1346 3063 1508 3153 publicus
1523 3085 1748 3152 congressus,
1783 3076 1840 3133 aut
1867 3068 1897 3130 si
1919 3086 1988 3131 non
2010 3074 2063 3130 est
2085 3082 2169 3128 vera

1183 3155 1353 3234 doctrina,
1385 3165 1464 3218 tuuc
1487 3151 1524 3218 fit
1544 3150 1909 3238 spelunculatronumr
1943 3148 2060 3238 quales
2088 3159 2169 3214 sunt
2270 3205 2273 3216 f

1182 3243 1217 3306 in
1228 3238 1359 3325 Papatu
1380 3237 1428 3306 illi
1442 3259 1646 3326 congressus
1659 3239 1878 3324 Papistarum,
1902 3235 2167 3314 idololatrarum,

1183 3327 1459 3393 sacrificulorum.
1525 3326 1683 3414 Cogitate
1716 3346 1799 3407 vos,
1841 3337 1999 3412 quantum
2035 3323 2169 3388 intersit

1183 3417 1373 3481 interrasa
1395 3414 1663 3494 misericordiae,
1696 3425 1730 3479 et
1754 3432 1839 3478 vasa
1860 3414 1947 3478 irae:
1977 3409 2070 3476 Vasa
2098 3411 2169 3474 irae

1183 3514 1262 3568 sulit
1300 3501 1482 3588 speluncae
1520 3500 1705 3578 latronum,
1746 3502 1803 3587 qui
1836 3519 1904 3563 non
1939 3508 2066 3563 tantum
2103 3496 2171 3561 ribi

1183 3602 1320 3668 nocent,
1342 3590 1404 3654 sed
1426 3590 1524 3655 etiam
1541 3585 1759 3665 aliismultis3
1782 3588 1860 3673 quia
1869 3582 2034 3650 Diabolus
2052 3579 2173 3667 impele

1184 3675 1222 3743 lit
1244 3696 1316 3757 eos,
1338 3688 1374 3743 ut
1394 3687 1539 3742 noceant
1560 3672 1684 3755 multis,
1706 3685 1740 3740 et
1761 3675 1991 3739 dissensiones
2012 3692 2054 3735 ac
2076 3667 2169 3735 bella

1186 3763 1298 3830 civilia
1319 3776 1488 3831 moveant.
1546 3763 1645 3828 llaud
1674 3762 1773 3826 dubie
1801 3757 1967 3826 Diabolus
1999 3758 2092 3842 cogit
2124 3756 2170 3821 ad

1185 3850 1264 3916 talia
1286 3849 1446 3930 consilia,
1481 3862 1518 3916 ut
1539 3849 1670 3915 Turcae
1702 3849 1922 3914 attrahantur.
1981 3842 2114 3909 Deinde
2146 3842 2192 3907 ii'

1186 3958 1320 4026 quoque
1342 3940 1393 4003 sic
1415 3940 1579 4014 dicuntur,
1601 3957 1741 4021 quorum
1765 3935 1868 4000 corda
1891 3933 2024 4018 curative
2045 3952 2066 3995 a
2087 3929 2169 3995 Dia·

1186 4023 1265 4091 bolo
1289 4035 1455 4092 tenentur.
1500 4024 1657 4089 Petamus
1684 4043 1706 4086 a
1728 4020 1848 4100 Patre,
1877 4031 1910 4085 et
1931 4015 2015 4085 Filio
2038 4029 2073 4082 et
2095 4015 2171 4100 Spl-

1184 4113 1250 4178 ritu
1272 4122 1391 4177 sancto
1413 4111 1505 4196 regi,
1533 4120 1567 4190 et
1589 4109 1661 4173 lieri
1692 4106 1860 4174 domicilia
1887 4119 1921 4172 et
1946 4102 2071 4189 templa
2092 4102 2179 4183 Dei,

1184 4209 1218 4264 et
1237 4219 1306 4263 non
1329 4196 1472 4284 relinqui
1495 4215 1578 4261 vasa
1599 4197 1682 4278 irae,
1707 4195 1765 4261 vcl
1786 4193 1969 4280 speluncae
1990 4191 2169 4269 latronum,

1184 4285 1246 4350 sed
1266 4305 1398 4372 organa
1422 4283 1681 4349 misericordiae.
1725 4281 1867 4347 Davidis
1889 4279 2086 4367 gubernatio
2107 4274 2170 4342 luit

1182 4369 1279 4451 felix3
1313 4373 1392 4458 quia
1420 4367 1481 4436 soit
1506 4389 1568 4436 vas
1590 4368 1876 4445 misericordiae
1907 4362 2020 4431 Saulis
2048 4366 2169 4448 guber·
2204 4445 2208 4452 Ι

1182 4459 1274 4525 natio
1296 4450 1504 4537 fnit'infelix,
1528 4467 1561 4520 et
1582 4457 1691 4520 minus
1713 4474 1894 4540 prospera,
1923 4453 2000 4538 quia
2022 4448 2084 4516 fuit
2105 4469 2169 4517 vas

1183 4548 1261 4612 irae.
1306 4544 1400 4610 Nero
1418 4542 1479 4610 fuit
1514 4540 1676 4627 spelunea
1698 4540 1851 4622 Diaboli,
1884 4552 1918 4606 et
1945 4537 2065 4604 cloaca
2086 4533 2170 4603 mul·

1184 4644 1291 4705 tarum
1312 4629 1485 4719 legionum
1507 4625 1659 4708 Diaboli,
1686 4642 1722 4694 ut
1746 4631 1825 4693 diclt
1853 4639 1981 4692 tentusz
2013 4629 2170 4691 Diabolus

1183 4720 1319 4787 intravit
1348 4727 1383 4785 tn
1417 4738 1500 4785 cum.
1563 4713 1668 4781 Filius
1702 4715 1766 4780 Dei
1799 4725 1895 4801 regat
1932 4724 1967 4777 et
2005 4715 2171 4798 gubernet

1183 4817 1324 4884 mentes,
1346 4816 1382 4870 ut
1404 4806 1509 4870 simas
1531 4801 1654 4888 templa
1670 4800 1747 4881 Dei,
1770 4813 1804 4867 et
1825 4800 1937 4867 laceat
1957 4796 2017 4864 lux
2039 4812 2169 4878 nostra,

1181 4903 1219 4958 ut
1241 4889 1449 4980 glorificetur
1471 4890 1572 4957 Pater
1595 4888 1764 4978 coelestis.

1997 188 2289 261 .„,„
