4620 5588
133 126 212 233 su
474 251 478 260 Ι
716 166 719 171 ’
788 162 901 232 ran.
922 160 1025 228 nau.
1047 146 1235 229 scriem
1258 159 1521 231 exstruam.
2092 163 2162 231 sm

150 353 429 438 desperationem.
473 350 675 437 opponebat
695 348 877 418 nobishoc
899 360 1129 437 argumentum
1180 345 1290 430 Pilati,
1311 358 1369 414 aut
1390 345 1513 436 populi.
1557 349 1593 415 si
1616 350 1743 416 diceret
1764 349 1952 418 libertatem
1977 348 2161 419 defenden-

149 437 195 505 Ι).
223 437 372 506 bothero
406 449 441 504 et
472 436 550 504 mihl
583 460 659 505 cum
687 438 817 524 magnis
849 438 1129 516 contentionibus,
1179 436 1269 501 dama
1299 432 1424 499 Pilatus
1445 434 1711 520 apprehenderet
1732 448 1766 502 et
1788 437 1992 504 interficeret
2012 457 2106 522 enm;
2126 438 2158 503 si

149 544 253 612 saepe
275 527 374 591 etiam
398 545 472 591 cnm
495 521 689 612 lachrymis:
1178 521 1303 587 diceret
1325 522 1576 607 quiescendum,
1599 534 1672 590 crat
1693 521 1884 590 offensurus
1906 521 2075 610 populum
2142 598 2147 605 ,

236 645 326 706 Deus
344 647 491 750 prpnaim‘t
511 663 546 704 ae
567 664 625 705 nor
646 645 867 750 eaaaditaram
888 646 1086 705 imocaaterr

150 729 765 900 „ydffiffi‘e‘f‘dssxfflw
786 730 1129 897 ‘ssfss‘fflfflqg
1179 747 1290 851 Quid
1309 748 1510 861 significat
1536 751 1740 862 sculptura
1767 781 1840 835 seu
1869 751 2038 879 effigies,
2050 781 2158 864 quae

151 904 296 983 eatam,
319 902 479 983 relinquor
499 906 534 963 iu
556 901 745 966 calamitate.
1517 868 1595 954 fult
1622 872 1665 954 in
1695 870 1827 957 SiclO‘l

238 1040 452 1125 Respondeo.
496 1038 568 1104 Nos
591 1039 752 1105 debemus
781 1040 824 1104 de
873 1036 1129 1104 remissionibus
1266 1034 1365 1109 Quod
1387 1032 1445 1101 ille
1489 1033 1608 1121 opulus
1631 1033 1726 1102 solas
1743 1033 1881 1103 haberet
1903 1035 2026 1123 legem,
2048 1050 2082 1104 et
2104 1058 2157 1104 ve·

152 1124 384 1213 corporalibus
407 1138 523 1192 tenere
544 1127 643 1190 istam
665 1123 832 1211 regulam:
851 1060 942 1190 hissa
964 1123 1129 1208 excipiea·
1178 1141 1251 1187 rum
1274 1120 1444 1187 cultumu
1499 1143 1541 1188 eu
1564 1124 1735 1188 traditamr
1776 1123 1872 1205 Virga
1894 1121 2034 1186 Aurorae
2054 1125 2157 1210 signi·

151 1215 226 1281 dant
259 1213 511 1299 castigationem
546 1222 579 1276 et
613 1232 759 1279 crucem.
804 1208 991 1298 castigatio
1023 1210 1130 1290 lurnpt
1179 1206 1256 1271 licat
1277 1209 1480 1288 doctrinam,
1500 1206 1533 1273 le
1557 1229 1631 1288 em,
1664 1211 1939 1296 gubernationem
1972 1210 2160 1276 ministeriis

151 1299 344 1382 optarem
367 1319 459 1362 crux.
503 1296 586 1376 Est,
621 1317 707 1384 quae
740 1295 777 1362 lit
809 1310 946 1383 propter
973 1307 1129 1383 peccata:
1180 1291 1342 1359 cantato
1364 1293 1473 1365 thoria
1496 1230 1890 1380 cultus,etpraese1am
1913 1295 2158 1362 invocationem

153 1407 233 1453 crux
255 1398 308 1451 est
329 1395 543 1463 sanctorum,
599 1383 631 1449 ul
661 1394 861 1449 exercentur
894 1402 962 1448 non
994 1393 1130 1469 propter
1180 1399 1302 1446 veram.
1347 1379 1490 1445 Veteres
1511 1377 1760 1466 insculpserunt
1781 1383 1852 1447 suis
1864 1383 2069 1447 numismatis
2087 1380 2157 1467 pul·

151 1484 245 1538 certa
266 1484 408 1557 peccata
430 1470 534 1556 princi
575 1404 676 1548 liter,
710 1471 770 1534 sed
804 1465 964 1554 singulari
987 1464 1128 1534 consilio
1180 1461 1279 1532 chras
1291 1467 1491 1563 sententias:
1510 1466 1680 1544 aielf'et'aer
1691 1465 1863 1554 Symbola.
1896 1466 1974 1533 Vidi
1993 1470 2157 1534 numisma

150 1555 215 1624 Dei
222 1580 230 1638 ;
254 1571 301 1636 ut,
324 1556 481 1623 lonathas
504 1490 632 1621 tollitur
649 1551 814 1643 singulari
836 1552 976 1620 consdio
997 1552 1074 1618 Dei.
1177 1549 1367 1638 Lysimachi
1390 1572 1427 1615 re
1451 1552 1480 1616 is
1502 1551 1724 1633 Macedonici,
1747 1555 1913 1619 inventam
1940 1554 1973 1616 in
1997 1551 2157 1641 Ungaria,

227 1641 358 1708 Politia
380 1639 438 1707 illa
459 1643 622 1707 interdum
644 1637 846 1706 horribiliter
873 1652 925 1705 ast
952 1642 1128 1726 castigata,
1180 1634 1359 1704 ubimulta
1440 1641 1470 1704 ia
1502 1638 1636 1705 inventa
1662 1651 1750 1706 sant
1795 1644 1829 1706 ln
1863 1659 1930 1706 uuo
1964 1636 2071 1705 latere
2104 1653 2159 1707 est

152 1740 185 1796 et
207 1732 360 1797 restituta
382 1725 588 1795 mirabilibus
606 1729 763 1814 operibus
785 1727 866 1792 Deir
891 1726 1058 1792 Interdum
1079 1723 1129 1788 lu·
1179 1720 1341 1790 Hercules
1375 1744 1450 1790 caui
1482 1722 1571 1810 pello
1603 1722 1753 1807 leonium
1786 1726 1864 1812 quia
1896 1728 1940 1791 ab
1963 1722 2157 1793 Menandro

151 1816 225 1881 daei
248 1837 309 1900 pra
332 1835 373 1880 ea
393 1812 545 1900 praeliati
568 1828 654 1880 sunt
699 1814 766 1879 lstu
785 1811 939 1899 exempla
961 1815 1060 1878 etiam
1082 1806 1130 1875 al·
1180 1820 1252 1874 erat
1269 1811 1421 1875 obiectus
1443 1807 1609 1891 leonibus,
1631 1822 1661 1874 et
1686 1810 1879 1877 delenderat
1899 1832 1938 1877 se
1994 1824 2028 1879 et
2055 1813 2159 1897 interf

151 1898 312 1989 legebant
343 1913 438 1980 tuuc,
471 1900 604 1987 qnando
636 1896 750 1984 politia
773 1911 845 1965 erat
866 1901 930 1966 sub
953 1897 1130 1973 Romanisr
1179 1892 1305 1962 iecerat
1326 1892 1469 1962 leonem.
1514 1897 1568 1958 Da
1588 1897 1701 1959 suamc
1728 1898 1790 1960 das
1819 1857 2014 1984 Symbolum
2042 1898 2158 1979 rhmcff.

151 1988 324 2055 dicebant:
1179 1991 1308 2070 προνοίᾳ
1326 1988 1377 2046 και
1398 1981 1485 2066 τύχῃ,
1506 1982 1717 2046 Prouidentia
1735 1985 1923 2063 ctfortuua:
1945 1985 1978 2049 id
2001 1996 2066 2064 est,
2088 2005 2157 2051 utu·

281 2107 367 2169 Iride
384 2106 507 2188 popolo
528 2113 576 2168 ast
588 2109 749 2186 promam
770 2107 918 2169 amm
1180 2089 1268 2154 guae
1289 2090 1346 2134 res
1367 2070 1539 2154 requirunt
1559 2071 1643 2134 duas
1667 2091 1832 2150 caussas,
1864 2067 2089 2156 diligentiam,
2121 2079 2158 2136 et

282 2191 372 2274 &90
404 2193 550 2256 deam„
586 2211 654 2253 ,am
686 2194 830 2254 mim
859 2211 1067 2273 „amm
1098 2197 1131 2251 Λ
1180 2151 1336 2219 auxilium
1369 2154 1525 2220 divinum.
1570 2152 1675 2220 hlultu
1708 2156 1873 2223 invenitur
1905 2153 2048 2243 pulchra
2062 2156 2157 2244 Sym-

328 2278 417 2341 Dm
436 2279 526 2340 ηοω,
548 2277 663 2343 admi,
1180 2237 1259 2306 hola
1276 2242 1310 2305 in
1332 2241 1536 2317 numismatis
1558 2242 1712 2328 antiquis.
1758 2243 1794 2310 ln
1824 2239 1917 2307 ltalia
1948 2243 2081 2327 quidam
2103 2261 2155 2308 re-

1180 2346 1262 2392 eens
1283 2325 1433 2392 fecerunt
1456 2324 1595 2411 pulchra
1616 2330 1824 2394 numismata.
1867 2328 1946 2394 Dux
1968 2327 2156 2394 Ferrarieu·

239 2416 432 2483 dll'erebant
453 2411 606 2501 exempla
628 2412 832 2482 defensionis
854 2412 968 2502 populi
983 2424 1131 2498 temporo
1180 2413 1229 2477 sis
1251 2413 1341 2477 cudit
1362 2413 1525 2479 numisma
1548 2436 1622 2480 cum
1644 2413 1710 2479 hac
1727 2415 1960 2500 inscriptione:
1983 2414 2072 2486 Quae
2092 2414 2159 2480 Dei

77 2557 84 2574 .
152 2503 442 2583 Maccahaeorum,
455 2514 488 2568 et
505 2505 593 2589 quod
616 2515 715 2568 antea
736 2522 838 2588 saepe
856 2497 1000 2586 populus
1016 2519 1055 2566 sa
1077 2503 1131 2567 de
1180 2498 1262 2578 Deo,
1283 2519 1362 2581 qaae
1385 2498 1533 2562 Caesaris
1556 2500 1698 2564 Caesari.
1741 2502 1917 2587 Augustas
1937 2500 1994 2564 hat
2016 2500 2077 2571 den
2091 2499 2156 2569 Ca·

152 2585 255 2658 iaudit
277 2589 391 2668 muris,
413 2599 446 2653 et
467 2590 679 2675 recuperavit
699 2585 900 2654 libertatem:
1044 2641 1046 2645 ,
1179 2585 1369 2671 pricornum
1390 2584 1502 2666 draerff
1514 2585 1719 2669 gaseliagum
1746 2588 1825 2673 quia
1846 2585 1962 2654 habuit
1980 2586 2156 2672 Capricor-

238 2673 327 2756 Erpa
348 2694 430 2737 nanc
511 2696 570 2758 quc
592 2674 767 2738 libertatem
778 2695 852 2736 recu
876 2694 1002 2735 memus.
1047 2672 1129 2739 Sau-
1179 2691 1256 2738 unm
1279 2670 1311 2735 in
1333 2673 1552 2753 ascendente:
1587 2671 1816 2759 Vespasianus
1850 2675 1947 2740 etiam
1980 2670 2159 2761 insculpsit

96 2842 100 2846 y
151 2763 197 2828 atl
213 2761 287 2842 viri,
310 2762 366 2846 qai
389 2761 454 2825 inte
469 2760 617 2848 ligabant
633 2758 837 2827 voluntatem
848 2694 924 2840 het,
937 2770 1032 2826 erant
1053 2756 1130 2824 hor·
1178 2770 1332 2840 monetae
1353 2754 1609 2843 Capricornum,
1627 2780 1829 2846 quamquam
1860 2762 1903 2827 de
1935 2760 2006 2827 eins
2038 2760 2165 2855 genesi

151 2860 276 2915 tutores
305 2848 348 2912 ad
384 2843 591 2913 tolerandam
626 2849 835 2913 servitutem:
869 2847 946 2932 quia
977 2846 1129 2912 sciebant
1178 2843 1246 2910 hoc
1268 2865 1335 2910 nou
1364 2838 1507 2930 legitur,
1540 2857 1577 2911 ut
1607 2846 1650 2910 de
1672 2846 1838 2934 Arignsto.
1881 2845 2007 2912 Noster
2028 2848 2158 2913 Caesar

150 2954 218 3000 non
240 2953 320 2998 esse
342 2943 471 3017 tempus
493 2931 675 3012 libertatis,
703 2933 766 2997 scd
793 2945 921 3017 tempus
945 2932 1128 2997 servitutis.
1178 2932 1276 2994 etiam
1299 2927 1400 2993 habet
1423 2926 1662 3015 Capricornum
1690 2932 1936 3022 ascendentem.
1981 2931 2016 2998 ld
2043 2933 2159 2999 dicunt

151 3017 218 3085 Alli
240 3016 466 3085 vociferantes
488 3018 709 3085 hortabantur
730 3019 774 3084 ad
794 3019 1002 3096 seditionem,
1024 3030 1058 3082 et
1080 3037 1128 3082 re·
1178 3013 1280 3100 aliqui
1302 3016 1331 3078 si
1357 3035 1434 3079 uum
1455 3036 1534 3082 esse
1556 3012 1674 3082 satale=
1698 3015 1851 3085 videlicet
1865 3019 1954 3105 quod
1968 3018 2170 3103 οοιιιιιίεΙιιι·Ι

148 3105 398 3190 cuperationem
420 3099 591 3170 libertatis.
637 3103 792 3171 Libertas
824 3106 868 3166 ist
899 3105 949 3166 eia
982 3122 1128 3186 capenam
1178 3112 1313 3187 perator
1332 3034 1463 3166 habens
1485 3098 1724 3188 Capricornum
1745 3103 1779 3168 iu
1800 3106 2025 3185 ascendente,
2053 3101 2157 3171 iaciat

148 3191 239 3274 drap,
261 3201 298 3256 ut
318 3188 475 3256 Lucanus
492 3192 554 3256 ata
1178 3186 1388 3253 mutationem
1410 3188 1443 3273 ip
1455 3187 1606 3272 imperio.
1639 3187 1839 3257 Valerianus
1857 3189 2031 3279 insculpsit
2040 3190 2156 3259 Cornu

476 3332 565 3373 «a
705 3330 761 3372 a
781 3310 905 3392 a...
925 3309 1048 3373 m...
1179 3264 2170 3446 stratuirituuuurrrrrr·ruere·-

1660 3409 1672 3443 ,
2100 3412 2109 3431 0

149 3449 225 3541 ligo
247 3450 298 3516 sic
319 3461 427 3517 muto:
1266 3445 1411 3512 Obolam
1439 3463 1569 3514 veteres
1602 3450 1755 3518 dixerunt
1787 3472 1866 3519 esse
1898 3453 1941 3523 ah
1965 3447 2091 3537 ὂβελος,
2120 3452 2155 3519 id

280 3569 454 3632 Limam
476 3592 562 3632 am
582 3568 709 3632 mltum
731 3590 788 3632 w
810 3568 935 3652 dea-95,
956 3569 1077 3632 orbem?
1180 3544 1243 3639 est,
1266 3536 1317 3596 eia
1336 3535 1448 3616 spiras.
1493 3533 1560 3601 Sed
1584 3556 1648 3623 ego
1669 3557 1743 3604 snm
1765 3535 2156 3625 inhacopiuione,quod

1179 3634 1224 3687 sit
1244 3642 1265 3687 a
1286 3620 1382 3692 labet,
1404 3621 1437 3686 id
1460 3632 1524 3701 est,
1545 3620 1727 3688 metallum:
1750 3626 1838 3691 uude
1860 3637 1912 3691 est
1926 3622 2035 3713 stybe
2057 3625 2153 3708 urbs,

155 3707 228 3772 Wir
251 3706 359 3770 mallen
376 3705 440 3771 alle
461 3705 537 3771 librl
558 3707 722 3792 reymond
731 3707 840 3772 mallen
855 3707 916 3769 alle
936 3705 1127 3789 preceding
1179 3719 1213 3773 et
1234 3705 1415 3795 Chalybes
1436 3707 1468 3771 id
1490 3720 1553 3787 est,
1574 3706 1741 3776 metallici.
1785 3710 1864 3777 lade
1889 3709 2097 3792 Thabataaia,
2120 3712 2154 3778 id

149 3793 338 3866 camiclten,
360 3794 426 3860 aad
447 3795 490 3854 ist
511 3793 594 3855 daed
614 3793 733 3857 melta.-
763 3815 836 3859 oum
859 3792 953 3860 Deus
982 3813 1050 3859 uon
1072 3794 1129 3858 dat
1180 3806 1255 3875 est,
1302 3806 1398 3880 pater
1435 3792 1673 3861 metallicorum
1715 3792 1768 3864 vel
1805 3820 1987 3884 possessor
2018 3796 2153 3867 metalli.

149 3880 290 3946 idoneos
312 3878 478 3958 homines,
500 3890 534 3943 et
556 3900 623 3944 non
646 3900 683 3945 re
708 3881 732 3944 lt
755 3878 908 3946 consilia:
930 3902 967 3942 ra
989 3881 1128 3953 araca
1179 3879 1366 3968 singularia
1389 3881 1477 3946 dona
1501 3880 1566 3947 Dei
1587 3894 1665 3948 sunt
1688 3882 1843 3965 metalla,
1867 3898 1900 3952 et
1921 3885 2016 3954 Deus
2039 3887 2091 3951 sin
2139 3920 2153 3937 ·

149 3964 312 4031 Pindarus
334 3963 526 4032 dulcissime
548 3979 580 4031 et
603 3967 800 4053 gravissime
820 3974 910 4049 rapt:
932 3968 965 4032 to
986 3965 1126 4049 πόλεμον,
1178 3962 1240 4035 lari
1260 3966 1422 4034 beneficio
1444 3968 1589 4033 ostendit
1610 3990 1652 4034 ea
1674 3972 1717 4036 ad
1741 3992 1823 4038 usus
1856 3984 1890 4038 et
1917 3906 2153 4041 utilitateshh

149 4055 183 4118 la
203 4052 306 4134 μάχαν
327 4052 397 4116 ἄνευ
422 4054 513 4116 Θεοῦ.
556 4053 632 4117 Nun
655 4065 707 4117 est
728 4071 784 4117 rrs
812 4074 918 4139 porra
945 4050 1034 4119 velle
1062 4073 1126 4118 mo
1178 4053 1299 4119 minum
1317 4073 1383 4203 per
1405 4064 1517 4120 certos
1538 4052 1699 4121 homines.
1744 4057 1903 4126 Homines
1922 4081 1989 4126 aaa
2011 4069 2155 4144 possunt

149 4157 229 4206 rere
250 4135 348 4205 belle.
391 4138 544 4205 Vidimus
567 4140 691 4204 nostris
716 4141 920 4226 temporibus
931 4141 1026 4205 annis
1048 4137 1126 4224 plus
1179 4160 1295 4205 carere
1331 4161 1418 4206 erro.
1462 4138 1637 4213 Quomodo
1659 4163 1832 4210 oraremus
1854 4147 1927 4211 sine
1948 4144 2063 4213 ferro?
2087 4142 2153 4211 ler-

150 4223 205 4304 30,
226 4224 357 4311 quoties
380 4226 447 4290 sint
468 4236 559 4292 mota
581 4223 693 4306 bella,
726 4223 780 4290 rel
839 4226 945 4292 uoties
974 4226 1040 4290 sint
1063 4226 1126 4291 orti
1178 4226 1335 4292 ramentis
1358 4247 1442 4312 opus
1464 4238 1517 4290 est
1540 4227 1573 4291 in
1601 4230 1740 4295 niaxima
1768 4243 1863 4315 parte
1891 4232 1991 4297 vitae.
2034 4229 2077 4296 Et
2100 4243 2155 4299 est

148 4322 259 4379 motus
280 4315 345 4377 ista
366 4314 492 4396 specie,
511 4312 584 4378 sive
601 4323 791 4397 praetextu:
850 4312 1025 4391 efrademar
1035 4311 1126 4375 liher-
1178 4314 1312 4378 mirum:
1334 4314 1521 4399 ubicunque
1542 4325 1621 4379 snat
1644 4335 1748 4381 venae
1770 4319 1968 4402 argenti,ibi
1990 4338 2055 4381 non
2079 4339 2154 4405 pro·
2273 4376 2281 4383 .

149 4402 243 4459 tatem
268 4395 490 4470 Christianam,
512 4399 608 4477 item,
631 4395 815 4459 Ecclesiam.
860 4396 957 4466 Deus
978 4399 1128 4467 servavit
1179 4396 1234 4464 cul
1256 4411 1334 4464 sunt
1355 4399 1435 4465 lerrl
1458 4419 1582 4474 venae3
1605 4403 1682 4486 qnia
1701 4398 2154 4490 l'erroellbditnrargentum.

147 4480 338 4551 Ecclesiam
366 4480 558 4549 mirabiliter
588 4486 674 4549 inter
702 4483 862 4550 tumultus
888 4486 1054 4570 utrimque
1075 4506 1127 4551 or·
1178 4483 1316 4551 Ferrum
1338 4482 1438 4552 facile
1460 4485 1601 4553 eruiturt
1623 4507 1657 4548 cr
1677 4488 1750 4551 aiud
1770 4511 1878 4571 prorae
1896 4510 2039 4557 massae.
2074 4489 2156 4554 Gall

150 4580 216 4635 tos.
259 4568 307 4631 Es
328 4571 371 4631 ist
392 4569 462 4632 dem
482 4566 595 4631 Κείων
615 4568 720 4653 pisel
740 4592 776 4632 rc
799 4573 899 4652 menig
921 4570 1128 4652 paratomon
1177 4570 1250 4633 bate
1270 4570 1355 4635 wall
1370 4573 1557 4652 prmaeium
1578 4574 1659 4639 vidit
1680 4571 1795 4654 Deus,
1817 4595 1903 4661 quae
1935 4572 2086 4656 lacerat,
2120 4587 2154 4642 ct

147 4654 212 4735 dea
230 4675 365 4737 erarem,
399 4667 434 4722 et
460 4651 593 4743 reliquit
613 4659 747 4725 oruniao
770 4656 990 4746 Tragoediam
1009 4659 1128 4743 imper·
1179 4670 1274 4725 erant
1295 4661 1405 4724 omnia
1427 4655 1525 4724 valde
1549 4660 1646 4725 bona.
1690 4660 1821 4726 Utinam
1850 4683 1913 4727 nos
1940 4663 2093 4729 modeste
2122 4674 2156 4728 et

147 4738 280 4819 lectam.
1179 4755 1372 4810 reverenter
1394 4757 1560 4811 uteremur
1582 4747 1680 4810 donis
1700 4744 1775 4812 Dei.

234 4827 303 4894 lsta
325 4847 380 4892 res
403 4838 482 4894 tunc
505 4827 673 4912 disputata
696 4840 748 4894 est
770 4829 857 4895 later
879 4830 1048 4916 sapientes
1066 4829 1127 4896 ho·
1266 4828 1423 4896 Redimus
1453 4832 1494 4895 ad
1517 4833 1759 4916 quaestionem:
1801 4834 1852 4894 Aa
1872 4835 1916 4896 rit
1937 4834 2154 4915 recuperanda

149 4911 267 4979 mines.
311 4913 389 4979 ldeo
411 4915 548 4980 vestiunt
566 4914 608 4979 ad
621 4914 802 4996 Christum,
825 4937 900 4982 cura
920 4913 1128 5001 praefatione
1179 4915 1316 4977 libertas.
1364 4913 1430 4982 Res
1455 4918 1574 4982 audeo.
1619 4915 1696 4984 Alia
1718 4921 1870 5004 quaestio
1900 4931 1952 4984 est
1980 4921 2021 4985 de
2049 4923 2155 5007 prima

148 5018 286 5085 magna:
305 4995 401 5065 valde
422 4997 559 5067 laudant
582 5018 678 5081 euro,
710 5002 773 5068 sed
805 4998 929 5069 faciunt
951 4997 1127 5068 in‘sidiandi
1180 5001 1388 5078 defensione;
1409 4939 1476 5069 alia
1498 5003 1539 5068 de
1561 5000 1766 5071 rebellando.
1809 5004 2003 5071 Maccabaei
2020 5002 2155 5074 suerunt

146 5104 291 5163 caasser
313 5086 390 5171 quia
412 5082 530 5154 volunt
560 5107 633 5154 cum
667 5089 825 5155 inducere
856 5089 890 5153 ia
924 5090 1035 5157 odium
1069 5099 1126 5156 aut
1178 5089 1214 5155 in
1235 5109 1319 5154 casu
1340 5090 1464 5174 primae
1486 5087 1703 5157 defensionis.
1748 5089 1913 5178 Tempore
1935 5090 2059 5160 Christi
2080 5104 2155 5161 erat
2244 5132 2250 5139 -
