4620 5588
161 172 227 243 aas
797 169 1039 276 rum-rma.
1060 167 1250 243 sennua
1270 153 1538 237 maurum.
1633 262 1643 277 ἢ
1741 178 1743 182 ·
2113 164 2181 232 aa

158 363 282 431 luctus.
326 362 403 430 Das
423 363 507 429 beist
535 363 632 441 alles,
659 360 762 428 rectio
784 357 1034 427 Locomotivae.
1077 360 1145 427 No·
1197 359 1293 426 Deus
1315 370 1429 425 serrat
1449 355 1538 423 hanc
1559 355 1708 445 regulam
1731 356 1827 423 etlam
1850 356 1883 422 in
1904 356 1970 423 hae
1992 358 2075 433 vita3
2099 357 2180 423 Scio

160 462 232 516 stro
266 448 407 523 Caesari,
436 447 560 515 carolo
582 448 626 514 V.
662 450 697 514 in
720 444 828 513 Gallia
856 440 1045 514 introducta
1073 458 1145 514 erat
1195 444 1356 525 Domine,
1389 446 1480 533 quod
1507 464 1577 515 nou
1605 446 1717 529 Parcis
1751 441 1970 531 delinquenti,
2004 444 2077 510 sive
2111 446 2181 508 sint

158 536 193 602 in
215 534 403 603 cubiculum
426 537 539 624 virgo,
568 556 669 623 qnam
698 536 856 600 intactam
883 535 1009 601 remisit
1030 535 1063 601 in
1086 557 1144 620 pa·
1195 534 1303 597 sancti
1324 547 1357 596 et
1381 528 1505 611 ffilecti,
1528 534 1602 597 sive
1624 533 1690 596 sint
1718 531 1831 595 reiecti
1853 538 1881 596 a'
1895 528 1981 595 Deo.
2026 529 2126 603 Quod
2149 529 2180 595 sl

157 623 266 702 triam
290 633 324 688 et
345 634 466 707 postea
487 635 591 688 totam
610 619 704 687 illam
733 641 863 702 arcem,
889 624 923 687 in
945 642 1013 708 qua
1034 620 1144 688 fuerat
1194 616 1373 704 aliquando
1396 618 1433 683 fit
1455 618 1668 697 contrarium,
1700 614 1836 683 stultum
1858 628 1923 695 est,
1955 613 2044 682 velle
2065 618 2179 703 singu·

157 706 296 795 hospes,
318 706 495 776 demolitus
518 720 578 775 est.
1195 702 1267 770 lare
1288 703 1355 771 hoc
1378 703 1518 792 eligere,
1552 705 1641 791 quod
1664 714 1718 769 est
1739 715 1856 769 eontra
1878 701 2042 788 regulam,
2075 714 2112 769 ιιι
2130 704 2180 767 in·

1194 792 1265 878 quit
1288 792 1474 860 isocrates:
1505 811 1599 858 ama
1619 794 1718 858 aelian
1750 797 1802 858 eia
1827 792 1960 873 Tyrants
1986 789 2086 871 sidet,
2118 792 2182 855 dae

1192 898 1229 945 ee
1249 885 1355 946 eiaem
1375 883 1493 945 imaus
1511 881 1617 963 peltet,
1639 880 1708 943 aad
1722 880 1907 958 peameca,
1928 896 1965 942 es
1986 878 2095 943 werde
2112 879 2181 942 ihm

1192 969 1275 1032 atreb
1296 969 1414 1032 hiacus
1431 969 1547 1049 aeden,
1568 986 1605 1032 ee
1626 969 1716 1030 tituta
1732 965 1897 1045 aeacum
1924 966 2022 1029 ιιιοΙιι.
2067 960 2181 1028 David

158 1038 378 1145 Quomodo
409 1041 458 1124 fit
486 1039 711 1153 disciplina,
755 1069 828 1126 seu
855 1043 980 1126 rectio
1008 1042 1141 1128 Loco·
1192 1052 1325 1138 quidem
1358 1072 1425 1116 non
1460 1064 1513 1118 est
1545 1047 1759 1130 interiectus,
1791 1051 1852 1114 sed
1886 1050 2043 1115 sustinuit
2076 1047 2182 1136 longa

631 1197 640 1215 .
736 1204 743 1225 ,
1192 1139 1503 1225 anaorespoenas,
1526 1138 1676 1225 quamsi
1699 1132 2017 1203 essetinterfeetus.
2067 1134 2181 1222 Saepe

540 1209 720 1280 monvae
740 1199 756 1279 l
1191 1223 1287 1291 Deus
1297 1225 1578 1313 mitigatpoenas,
1601 1244 1668 1290 non
1678 1223 1833 1291 accendit
1844 1233 1947 1287 totam
1962 1222 2047 1287 iram
2065 1242 2180 1289 suam:

1192 1312 1253 1377 sed
1276 1324 1386 1378 tamen
1420 1333 1487 1378 non
1521 1312 1601 1379 sinit
1634 1321 1778 1398 peccata
1809 1328 1951 1394 prorsus
1978 1309 2072 1374 abire
2104 1308 2179 1375 sine

241 1396 408 1481 Scipionis
441 1395 644 1462 continentia
676 1410 730 1463 est
758 1400 864 1465 rectio
888 1397 1139 1480 Locomotivae,
1191 1417 1309 1483 poena.
1376 1397 1600 1486 magdeburgi
1633 1408 1713 1462 ante
1745 1394 1870 1462 multos
1904 1413 2011 1459 annos
2045 1396 2179 1481 quidam

154 1501 241 1568 quae
268 1480 306 1546 iit
335 1483 537 1569 cogitatione
566 1480 669 1569 legis,
704 1497 738 1551 et
768 1484 942 1551 voluntate
971 1484 1140 1570 obtempe·
1163 1516 1168 1589 Ι
1192 1484 1389 1551 interfectus
1411 1496 1480 1558 est;
1501 1484 1667 1550 homicida
1684 1495 1763 1568 post
1784 1501 1893 1548 annos
1914 1480 1959 1545 30
1981 1492 2107 1549 tractus
2125 1492 2180 1547 est

153 1579 261 1649 rante,
283 1579 317 1633 et
339 1570 521 1652 imperante
543 1571 676 1650 nervis,
697 1583 733 1637 ut
755 1572 806 1637 sie
827 1572 935 1638 cicant
957 1568 1014 1636 vel
1035 1592 1073 1637 re
1098 1572 1140 1636 ri·
1192 1571 1235 1635 ad
1253 1567 1461 1658 supplicium.
1516 1570 1690 1657 Tubingae
1723 1579 1796 1634 erat
1818 1565 2018 1634 adolescens
2035 1565 2180 1651 pulchro

154 1667 248 1719 mant
270 1655 427 1721 membra.
484 1653 610 1723 Paulus
645 1670 747 1724 vocat
781 1678 885 1724 oera
911 1655 1008 1746 legis.
1097 1679 1140 1723 on
1193 1676 1348 1743 corpore,
1372 1671 1406 1724 et
1427 1658 1470 1723 de
1493 1678 1559 1744 quo
1581 1660 1672 1724 bona
1693 1674 1773 1742 spes
1796 1664 1878 1721 erat.
1930 1654 1999 1721 Sed
2019 1652 2180 1739 petulans

155 1741 303 1805 nominat
323 1742 478 1821 virtutes,
514 1744 602 1829 quia,
637 1746 726 1829 quod
749 1746 869 1812 dicutur·
889 1746 994 1810 virtus
1017 1744 1049 1809 in
1072 1765 1140 1811 non
1192 1741 1358 1810 interiecit
1389 1745 1507 1811 civem.
1563 1741 1776 1827 capiebatur.
1832 1741 2014 1807 Academia
2034 1741 2179 1807 interce·

153 1828 294 1905 renatis,
317 1839 369 1891 est
389 1827 490 1893 valde
513 1830 704 1895 obscurum.
738 1828 849 1916 Opera
871 1829 1027 1911 hominis,
1050 1832 1141 1919 eogi-
1192 1829 1294 1895 debat
1314 1851 1376 1939 pro
1405 1832 1490 1915 ipso.
1545 1831 1628 1896 Erat
1659 1830 1748 1913 apud
1782 1828 1967 1913 Principem
1998 1828 2032 1891 in
2054 1846 2181 1914 magna

154 1915 257 1991 tatio,
288 1914 442 1983 actiones
475 1925 644 2001 uteunque
677 1914 817 2004 intelligi
850 1929 1004 2004 possunt.
1058 1914 1141 1985 Vult
1192 1913 1494 2003 gratiastosflerus
1511 1914 1780 1995 Mathematicus,
1801 1917 1852 1981 vir
1868 1923 2059 2000 praestans,
2081 1913 2181 1992 euius

153 1994 250 2064 Deus
272 2010 305 2063 te
327 2019 430 2065 nosse
452 1996 579 2086 legem,
612 2013 646 2068 et
669 2024 710 2070 co
737 2005 873 2070 'tatione
902 2003 988 2091 legis
1013 2001 1086 2070 vult
1106 2006 1140 2072 te
1193 2002 1358 2070 beneficio
1385 2005 1451 2068 iam
1481 2000 1713 2069 calendarium
1727 1988 1917 2079 hebemus,
1948 2012 1982 2066 et
2014 2000 2070 2086 qui
2092 1997 2180 2065 alias

153 2086 321 2151 moderari
350 2090 510 2153 membra.
568 2087 694 2154 Paulus
740 2110 837 2178 egem
870 2102 972 2157 vomit
998 2092 1140 2170 literam,
1192 2086 1353 2155 utilitates
1375 2091 1536 2155 maximas
1570 2088 1679 2156 attulit
1695 2085 1924 2173 Reipublicae.
1978 2085 2012 2150 ls
2034 2085 2181 2153 obtinuit

153 2172 232 2322 guia
256 2173 416 2259 cogitatio
439 2184 491 2239 est
514 2171 630 2239 similis
653 2176 805 2260 picturae
826 2178 860 2243 in
884 2180 1035 2245 cerebro.
1073 2176 1141 2245 Cur
1193 2177 1339 2257 tandem,
1362 2189 1397 2242 ut
1419 2174 1621 2242 adolescens
1642 2173 1824 2262 relegatuS,
1846 2174 1961 2239 redirit
1978 2173 2011 2237 in
2023 2172 2179 2257 patriam,

176 2258 250 2324 icit:
272 2258 392 2325 Litera
412 2258 555 2326 occidit?
598 2258 659 2326 llla
682 2264 841 2351 cogitatio
863 2262 950 2351 legis
972 2266 1046 2330 sine
1063 2263 1140 2330 Deo
1193 2261 1305 2328 soluta
1327 2264 1471 2348 pecunia
1492 2264 1647 2350 cognatis
1669 2260 1834 2327 interfecti
1859 2261 1953 2326 civis.
1999 2259 2069 2326 Sed
2091 2259 2181 2324 idem

152 2343 356 2424 vivificante,
379 2347 502 2412 occidit
523 2344 705 2414 hominem:
728 2361 763 2416 ut
773 2349 888 2416 ludam
906 2351 1030 2418 cecidit
1052 2353 1142 2438 cogi·
1192 2346 1396 2415 adolescens
1447 2359 1502 2415 ost
1529 2369 1656 2436 paucos
1684 2352 1825 2429 menses}
1849 2349 1967 2413 iterum
2003 2357 2056 2411 est
2078 2344 2181 2410 inter·

143 2431 233 2496 ¹tatio
255 2428 287 2495 le
313 2433 353 2518 is,
375 2434 557 2499 ostendens
574 2446 765 2519 peecatum,
784 2437 862 2522 quia
883 2448 937 2503 est
959 2438 1033 2503 sine
1049 2440 1141 2524 agni·
1191 2434 1302 2502 iectus
1334 2438 1377 2502 ab
1446 2437 1501 2513 '03
1535 2437 1612 2522 quia
1633 2434 1728 2502 Deus
1752 2443 1866 2501 servat
1892 2453 1989 2499 suam
2012 2428 2180 2518 regularm

151 2516 241 2583 tione
277 2453 335 2583 filit
357 2518 422 2584 Dei
456 2518 657 2587 vivificantis
689 2520 857 2590 hominem
889 2545 950 2658 per
983 2524 1141 2610 Spiritum
1192 2519 1293 2588 Nulla
1314 2534 1426 2603 aetas,
1458 2520 1551 2589 nulla
1584 2522 1715 2602 civitas,
1749 2517 1844 2586 nulla
1877 2521 1995 2585 domus
2028 2518 2181 2587 estsine

141 2613 316 2701 ¹sanctum.
362 2605 456 2701 Quae
478 2626 535 2673 res
556 2618 727 2675 sustentat
748 2608 901 2676 Petrum.
939 2606 1023 2677 Cum
1045 2608 1141 2677 Chri·
1192 2606 1366 2695 exemplis.
1675 2676 1703 2699 Ι,
1853 2650 1857 2657 ·

150 2699 227 2758 stus
251 2710 326 2758 eum
348 2693 494 2779 aspexit,
516 2694 626 2759 existit
647 2697 680 2760 in
693 2697 804 2762 animo
815 2696 907 2763 Petri
921 2699 1139 2782 poenitentia:
1278 2696 1336 2763 Sic
1357 2706 1590 2783 argumentor:
1622 2764 1625 2769 ,
1723 2738 1729 2750 ·

150 2775 214 2843 sed
233 2775 335 2844 simul
368 2791 422 2844 est
450 2781 484 2845 in
514 2799 556 2846 eo
587 2782 746 2868 cogitatio
780 2784 822 2849 de
844 2783 1041 2851 remissione
1086 2804 1139 2850 ee·
1325 2819 1438 2901 Opem
1458 2837 1480 2884 a
1499 2820 1569 2884 Bw
1590 2816 1745 2884 mm
1765 2822 1842 2881 mg
1860 2814 1961 2881 pm,

149 2861 1139 3040 tam.absteneat?adona:
1325 2899 2179 3076 ,anama

151 3034 263 3125 qualis
285 3049 338 3103 est
359 3038 442 3125 ipse.
1364 3078 1454 3156 dam,
1474 3083 1633 3159 me,
1655 3083 1713 3143 eta

153 3180 158 3189 .
239 3123 301 3190 Ubi
324 3137 377 3192 est
408 3127 442 3191 in
476 3137 511 3193 te
542 3127 670 3281 ⁸0er
696 3122 778 3196 lexl
806 3128 864 3196 ubi
897 3127 982 3209 liunt
1014 3130 1139 3219 cogita·
1362 3167 1451 3248 Em,
1488 3184 1554 3233 ,m
1590 3165 1729 3231 agam
1765 3160 2180 3246 Mamm-um.

147 3208 282 3301 dones?
323 3206 361 3276 ln
388 3213 543 3279 cerebra.
627 3202 714 3279 itera
745 3225 799 3281 est
832 3214 990 3321 quiddam
1017 3217 1141 3304 pictum

149 3290 366 3379 ilreerebro,
389 3309 422 3365 et
442 3319 510 3364 non
545 3311 598 3365 est
631 3298 788 3451 quiddam
820 3322 934 3370 vrvum
967 3302 1001 3369 in
1024 3304 1138 3381 corde.
1179 3316 1182 3321 “
1276 3298 1480 3387 Respondeo
1514 3301 1557 3366 ad
1590 3302 1781 3368 maioremz.
1803 3300 1915 3384 Opera
1941 3296 2059 3365 aDee
2084 3300 2179 3364 ma'a·

150 3381 204 3450 Ad
227 3382 357 3450 literam
375 3388 518 3470 pertinet
539 3386 646 3479 discip
660 3389 725 3453 ina.
769 3390 902 3455 interim
923 3412 985 3458 cor
1006 3402 1139 3459 aestuat
1188 3388 1279 3466 aaa,
1300 3398 1379 3455 mat
1397 3392 1496 3468 deam
1518 3378 1658 3467 scilicet,
1685 3387 1832 3454 caeteris
1863 3384 2020 3472 paribus,
2053 3385 2086 3450 id
2109 3393 2178 3463 est,

148 3468 283 3559 Euripis
305 3470 468 3541 fluctuum
491 3471 652 3540 malarum
673 3475 896 3563 cupiditatum.
1114 3487 1117 3491 ’
1188 3475 1218 3539 si
1241 3476 1323 3541 liant
1344 3495 1417 3540 cum
1441 3476 1646 3561 poenitentia
1667 3485 1701 3540 et
1721 3472 1806 3552 fida
1827 3475 1913 3539 sicut
1924 3468 2073 3539 solemus
2089 3467 2177 3536 alias

673 3562 678 3569 ’
833 3577 836 3582 ·
954 3570 959 3651 j
1189 3563 1313 3641 dicere,
1337 3563 1504 3648 quomodo
1537 3559 1694 3648 placeant
1728 3562 1816 3625 bona
1849 3579 1953 3644 opera
1985 3555 2071 3624 Deo.
2124 3555 2178 3621 lu·

1061 3645 2178 3735 ffmmmfflmmmm

539 3807 547 3823 ,
1188 3733 1320 3802 seilicet
1348 3733 1535 3811 metoliton
1568 3736 1646 3821 quia
1673 3735 1815 3799 ihterest
1848 3735 1935 3798 inter
1961 3728 2063 3796 haee:
2096 3748 2178 3795 esse

147 3805 221 3889 De
251 3806 464 3917 poenis
492 3806 772 3917 ylolaiae
806 3808 1134 3924 disciplinae.
1186 3820 1398 3894 homicidam,
1421 3833 1455 3887 et
1476 3842 1543 3887 non
1567 3842 1644 3886 esse
1666 3820 1875 3887 homicidam.

144 3986 147 3991 ,
629 3916 632 3923 ’
765 3960 774 3979 .
1158 3932 1163 4001 ς
1274 3908 1328 3975 Ad
1350 3907 1534 3974 Minor-emt
1568 3912 1628 3975 ille
1654 3911 1753 3974 babet
1781 3909 1983 3993 caepere,
2012 3905 2075 3970 sed
2097 3903 2174 3968 sina

277 3992 371 4054 Malli
390 3988 554 4053 scamni
569 4007 695 4072 pameas
710 4008 844 4056 auorum
865 3997 1037 4063 reeiemaa:
1159 4006 1163 4089 ι
1185 3995 1388 4083 poenitentia
1408 4006 1442 4060 et
1461 3993 1537 4061 ilde.

279 4075 367 4155 Erae
388 4093 453 4139 rma
474 4084 552 4140 aunt
565 4080 787 4143 numerandae
797 4098 926 4161 poenae
942 4086 1030 4147 inter
1044 4103 1136 4151 emta

315 4179 390 4247 praa,
416 4180 477 4226 ear
497 4180 631 4229 accerse
651 4168 697 4229 ait
719 4173 895 4248 praestare
921 4168 1135 4251 dmapdaam.

199 4306 215 4321 ”
234 4294 450 4381 Respondeo.
483 4295 711 4365 Ecclesiastes
729 4323 803 4387 cap.
826 4300 858 4365 8.
882 4302 978 4369 dicit:
999 4307 1139 4374 Etwmei

139 4386 344 4466 differantur
362 4403 498 4466 poenae,
521 4395 630 4453 maen
652 4393 770 4472 immas
791 4408 851 4456 sea
870 4395 1050 4459 sceleratae
1069 4412 1136 4460 aaa

140 4472 263 4539 mdis
319 4468 394 4534 Non
427 4484 480 4535 est
506 4473 608 4559 igitur
641 4476 871 4560 cogitandum,
903 4496 1032 4559 poenas
1065 4500 1134 4545 non

1218 4326 1328 4432 Quid
1358 4328 1582 4441 respondes
1613 4328 1667 4411 ad
1703 4328 1810 4412 hanc
1840 4326 2140 4412 abiectionem?

23 4598 26 4603 ·
138 4575 224 4623 esse
245 4557 457 4622 metuendas:
490 4560 568 4644 quia
594 4556 683 4624 alius
704 4558 769 4628 alio
792 4563 836 4627 sit
857 4558 1068 4645 fortunatior,
1096 4576 1134 4631 ut
1318 4547 1468 4615 elilim
1503 4546 1557 4614 '⁸⁸⁶⁶
1588 4548 1725 4613 ‘silim‘
1752 4547 1969 4614 1³le
2002 4547 2173 4613 mentem

143 4641 290 4710 erendat
312 4639 564 4748 aliquantisper:
598 4666 665 4711 non
688 4659 811 4728 autem,
844 4660 881 4714 nt
904 4654 1047 4730 caeteri,
1076 4653 1133 4718 de·
1323 4678 1326 4685 ·
1357 4638 1526 4701 'lomim
1543 4634 1765 4739 mistim*

144 4728 371 4816 prehendatur
399 4742 525 4796 statim:
558 4734 619 4796 sed
657 4733 723 4798 hoe
755 4737 1035 4803 considerandum
1068 4751 1133 4819 est,
1313 4722 1401 4802 Εἴθ’)
1422 4723 1595 4805 daemona
1612 4730 1665 4787 0⁸²
1682 4739 1740 4786 ’θ’
1759 4722 1854 4786 ''³⁶²⁰-

144 4811 245 4880 aliunr
268 4816 374 4899 puniri
397 4818 511 4897 citius,
544 4814 618 4884 aliis
639 4839 781 4904 poenam
805 4821 929 4887 differri
963 4825 1130 4892 divinitas.
1268 4855 1483 4941 Respondes.
1518 4858 1580 4923 En
1600 4852 1735 4923 fallacia
1755 4857 1948 4921 aegidem
1981 4852 2172 4941 Disciplina

145 4898 235 4967 Idem
257 4901 380 4967 dictum
403 4917 456 4968 ‘⁸‘
477 4905 511 4968 ¹¹¹
533 4907 704 4970 Vffiibffi'
1181 4944 1216 5009 in
1238 4942 1359 5027 loseph
1382 4956 1434 5008 est
1456 4963 1511 5010 res
1528 4942 1682 5030 pulchra,
1705 4954 1738 5010 et
1759 4942 1834 5008 Deo
1862 4942 2000 5028 placens
2007 4962 2017 5027 3
2045 4942 2107 5008 sed
2136 4944 2168 5007 in
2262 4982 2265 4986 -

275 5023 320 5088 Ab
341 5027 451 5097 miser,
474 5026 537 5092 etsi
555 5031 628 5109 pais
644 5032 787 5110 manum
803 5034 956 5112 paena
976 5035 1068 5114 cetat,
1181 5028 1366 5116 Pharisaeo
1395 5027 1500 5097 multa
1533 5032 1691 5097 accidunt
1711 5040 1868 5116 peccata:
1901 5029 1978 5117 quia
2011 5039 2064 5096 est
2095 5029 2169 5094 sine

275 5109 489 5224 Seraitamea
503 5113 620 5229 ,tacitis
635 5132 744 5197 paena
765 5120 854 5215 aean
868 5115 1015 5200 pedtbrm
1110 5194 1115 5205 ‚
1181 5127 1263 5183 vera
1283 5115 1497 5203 poenitentia.
1548 5115 1750 5186 Perseverat
1779 5118 1813 5185 iu
1841 5112 1970 5183 mmali
1989 5115 2169 5183 securitate
