4620 5588
166 195 233 265 ns
470 286 473 293 Ι
801 191 915 261 rnre
936 192 1041 259 sian
1062 170 1251 262 scnium
1272 191 1535 287 amaurici.
1765 198 1767 202 ³
2116 195 2184 265 ara

256 383 465 470 Augustinus
484 381 545 449 t'uit
564 379 755 458 Africanus,
772 394 806 446 et
827 403 894 446 non
916 379 1151 468 proculaCar·
1200 404 1243 449 ac
1265 385 1380 448 mirum
1404 396 1456 449 est
1486 397 1550 447 tam
1604 385 1773 470 rodigiosa
1798 398 1955 469 portenta
1982 398 2048 451 tam
2076 382 2183 472 longe

167 467 302 556 thagtne
324 481 432 537 natus.
477 469 604 534 Nomen
628 467 842 554 Carthaginis
864 469 950 534 idem
973 481 1038 548 est,
1061 470 1151 555 quod
1200 471 1349 554 potuisse
1371 470 1497 556 spargi.
1537 407 1750 536 Allaroionc
1773 491 1880 555 usque
1903 470 2182 557 adAugustinum

168 559 286 622 civitas
312 555 388 621 Dei.
439 554 512 621 Fuit
540 566 649 620 autem
680 551 812 620 colonie
834 551 912 641 'lyri
942 569 976 618 et
1004 554 1151 621 Sidonis.
1201 569 1279 621 sunt
1299 555 1365 620 200
1386 559 1475 622 anni.
1518 554 2013 623 illancsetlllarcionvirerunt
2031 568 2096 623 tem
2145 578 2182 624 re

168 643 273 709 Sidon
296 645 389 728 prius
409 638 482 720 fuit,
506 638 738 729 quamTyrus.
783 640 914 707 Sidonis
937 636 1069 705 colonia
1091 638 1152 706 snit
1172 714 1178 727 .
1200 640 1359 707 Hadriani
1382 641 1623 730 etl'olycarpi3
1642 645 1718 728 quia
1731 640 1942 730 Polycarpus
1965 645 2066 709 novit.
2088 580 2179 709 illitr-

167 728 293 818 Tyras:
316 726 368 793 Ex
390 729 442 793 his
464 729 606 806 duabus,
621 738 798 793 crescente
819 723 1025 792 multitudine
1043 723 1151 791 horni-
1201 731 1342 807 cionem,
1364 741 1397 793 et
1418 731 1598 794 nominavit
1611 746 1695 794 ‘cuin
1716 729 1844 794 Romae
1866 749 2023 814 orpnncm
2034 727 2180 798 Diaboli:

168 837 259 895 nrum
282 813 416 880 colonia
437 827 489 880 est
516 814 617 878 ducta
647 814 679 877 in
698 811 864 889 Africam,
892 810 1046 879 videlicet
1068 811 1151 877 Car·
1200 811 1409 899 Polycarpus
1430 814 1491 881 fuit
1512 816 1642 881 auditor
1664 815 1797 881 loannis
1810 813 2056 902 Evangelistae.
2086 812 2181 881 Gens

169 901 282 989 thago.
327 898 446 967 Coloni
480 901 532 964 isti
565 902 643 965 novi
677 900 790 986 lingua
810 896 1014 964 Phoenicum
1045 895 1150 963 locuti
1200 899 1318 967 Atrica
1339 914 1392 966 est
1413 900 1531 967 similis
1553 902 1681 980 simiis,
1716 924 1801 989 quaa
1835 914 2001 968 vocantur
2023 901 2180 988 Cercopi-

168 1002 263 1069 snnt,
285 1001 461 1075 antequam
483 987 625 1052 Romani
654 1006 696 1052 eo
723 997 894 1052 venerunt.
937 986 1006 1049 Sed
1055 1001 1151 1050 ostea
1200 985 1299 1065 theci,
1322 985 1412 1068 affert
1434 997 1507 1068 ort,
1537 990 1589 1053 ein
1617 989 1693 1054 inire
1720 997 1785 1054 ort.
1828 986 1919 1054 Euro
1943 1008 1964 1053 a
1989 1002 2043 1054 est
2072 989 2181 1074 magis

170 1097 244 1141 cum
267 1072 383 1141 Africa
405 1084 570 1159 occupata
596 1085 665 1151 est,
692 1095 714 1137 a
735 1070 894 1138 Romanis
917 1072 1014 1136 etiarn
1028 1007 1151 1158 lingua
1199 1086 1338 1139 naturae
1359 1072 1705 1163 ursinaetliegiones,
1726 1095 1814 1162 quae
1836 1011 2000 1141 accedunt
2016 1076 2062 1141 ad
2085 1076 2182 1143 nerl-

168 1160 320 1228 llonrana
370 1172 531 1248 ropagata
562 1161 674 1224 estin
697 1157 864 1239 Africam,
893 1159 1089 1245 praesertim
1116 1159 1150 1223 in
1200 1161 1298 1241 diem,
1320 1173 1399 1226 sunt
1419 1164 1527 1249 magis
1548 1174 1687 1230 naturae
1709 1163 1885 1228 simiarum.

168 1269 277 1315 novas
299 1183 462 1325 collinus,
487 1267 572 1332 quae
595 1264 637 1311 eo
660 1247 825 1312 deductae
847 1255 945 1323 sunt,
973 1258 1149 1330 postquam

169 1331 342 1421 Carthago
363 1355 385 1400 a
406 1334 564 1417 Scipione
586 1334 702 1397 excisa
723 1328 848 1397 saerata
888 1330 974 1396 Nam
996 1329 1149 1396 'liberius
1172 1342 1175 1389 t

169 1420 364 1499 Gracchus,
388 1418 556 1505 Scipionis
583 1430 765 1504 cognatus,
791 1418 988 1483 instauravit
1010 1414 1151 1483 Cartha·

169 1508 279 1595 ginem
302 1528 368 1571 non
398 1503 501 1592 longo
534 1517 684 1590 ternpore
715 1516 794 1589 post
827 1503 998 1568 excidium.
1044 1502 1151 1569 Hodie
1263 1508 1380 1614 Quae
1410 1507 1575 1596 fuerunt
1603 1513 1820 1625 praecipua
1848 1509 2114 1595 deliramenta

169 1591 251 1658 nihil
283 1605 337 1658 est
364 1591 550 1678 Carthago;
583 1592 699 1657 ruinae
730 1603 853 1655 tantum
887 1590 1150 1675 conspiciuntur.
1614 1650 1622 1667 ‚
1853 1652 1860 1677 ⁸

168 1679 296 1745 Noster
318 1679 508 1765 imperator,
530 1698 605 1743 cum
635 1682 818 1761 occuparet
839 1674 1043 1755 Thunetum,
1074 1697 1151 1761 pro·
1511 1648 1872 1735 Mumehaeorumi

169 1765 281 1832 sectus
311 1777 363 1830 est
386 1764 623 1851 Carthaginem
652 1764 696 1828 ad
723 1763 926 1849 inspicienda
954 1758 1013 1827 illa
1033 1767 1152 1849 ἐρειπια

174 1864 326 1918 vetustae
348 1864 381 1916 et
402 1871 544 1938 magnae
566 1842 671 1915 urbis.
715 1847 885 1936 Carthago
914 1850 1014 1934 igitur
1035 1848 1151 1914 Latine
1289 1847 1391 1915 Secta
1411 1845 1611 1916 Manichaea
1630 1845 1810 1936 praecipue
1832 1870 1875 1914 ex
1892 1849 2009 1916 Stoice
2031 1846 2185 1917 doctrina

155 1949 290 2026 apostea
311 1938 428 2004 locuta
449 1949 517 2014 est,
550 1936 627 2024 quia
659 1932 721 2002 fuit
752 1955 841 2001 nova
874 1932 1008 2001 colonia
1033 1955 1074 2000 eo
1097 1935 1152 2000 de·
1203 1937 1354 2002 derivata
1376 1947 1633 2014 est,utvetcres
1656 1938 1718 2022 ipsi
1741 1939 1864 2003 dicunt.
1899 1934 2059 2009 Quaestio
2077 1936 2184 2022 prima

172 2026 286 2104 ducta,
306 2026 361 2091 ubi
373 2024 583 2111 Augustinus
594 2019 741 2110 linguam
751 2021 903 2089 Latinam
926 2022 1040 2087 didicit
1059 2041 1153 2107 puer.
1203 2020 1266 2088 suit
1299 2024 1341 2087 de
1374 2042 1497 2088 caussa
1529 2020 1616 2088 mali.
1682 2021 1868 2088 Manichaei
1898 2034 2083 2108 posuerunt
2116 2024 2184 2089 dno

191 2190 195 2195 .
256 2110 380 2177 Videte
401 2121 511 2176 autem
538 2110 690 2176 miserias
718 2109 852 2196 generis
879 2106 1029 2175 humant:
1062 2107 1153 2174 Ado·
1203 2120 1341 2175 aeterna
1362 2110 1538 2193 principia,
1560 2109 1690 2174 Bonum
1712 2122 1744 2173 et
1765 2107 1905 2189 malum,
1926 2112 2003 2193 φῶς,
2021 2113 2073 2172 καὶ
2095 2104 2184 2190 i'lqv:

169 2192 305 2263 lescens
322 2195 596 2262 inblanichaeam
618 2208 745 2263 sectam
764 2194 890 2261 incidit.
932 2190 1044 2260 Mater
1068 2192 1154 2273 [blo-
1203 2196 1292 2262 siout
1319 2197 1420 2261 Stoici
1446 2199 1517 2259 νοῦν
1537 2202 1590 2260 xat
1609 2192 1686 2275 itm.
1731 2195 1896 2263 Dixerunt
1924 2193 2055 2281 aliquos
2079 2191 2184 2261 homi·

168 2284 258 2366 nica]
281 2280 555 2360 l'uithristiana,
577 2293 726 2349 matrona
742 2280 898 2360 honesta,
909 2282 975 2366 pia,
988 2291 1022 2345 et
1043 2282 1153 2347 docta.
1203 2303 1265 2349 nes
1288 2281 1350 2348 dud
1372 2283 1425 2345 mi
1446 2287 1547 2367 φῶτος
1569 2303 1647 2348 esse
1669 2294 1777 2364 ortes3
1800 2293 1834 2349 et
1854 2281 1918 2347 hos
1939 2293 2108 2368 tamquam
2130 2303 2184 2347 or·

169 2369 282 2457 Nupta
304 2368 365 2437 suit
387 2371 460 2434 viro
482 2365 587 2447 militi,
609 2367 713 2435 nobili
731 2365 886 2446 Ethnico‚
909 2387 985 2432 cum
1052 2363 1155 2432 oali·
1203 2381 1258 2435 tos
1281 2371 1412 2435 abono
1435 2370 1615 2455 principio,
1647 2390 1715 2434 non
1738 2387 1840 2455 posse
1862 2386 2020 2453 peccare:
2052 2365 2184 2455 aliquos

169 2456 327 2544 (qu-mdiu
352 2456 528 2534 viriacum
552 2452 662 2522 adhuc
684 2454 961 2522 essetEthnicus·
1034 2454 1075 2518 ed
1096 2451 1153 2518 ille
1203 2456 1246 2522 ab
1270 2451 1337 2541 bip,
1359 2457 1394 2520 id
1416 2467 1480 2533 est,
1504 2479 1524 2520 a
1547 2453 1634 2522 malo
1659 2455 1839 2541 principio,
1867 2473 1900 2519 er
1924 2453 2001 2520 illos
2023 2474 2183 2521 necessa·

169 2556 289 2630 postea
311 2562 498 2610 conversus
519 2543 761 2610 consuetudine
782 2540 935 2626 coniugis
957 2538 1154 2606 honestissi·
1203 2544 1254 2608 riu
1277 2563 1355 2608 esse
1388 2539 1587 2607 sceleratos.
1637 2542 1769 2608 Deinde
1799 2541 1987 2608 habuerunt
2017 2535 2185 2606 lustratio·

169 2649 255 2712 mae,
278 2649 365 2736 qnae
385 2631 550 2715 patienter
573 2632 645 2695 eius
668 2646 779 2694 mores
795 2624 933 2703 tuleram
953 2627 1153 2713 quiaautcm
1203 2649 1266 2695 nes
1288 2640 1321 2693 et
1343 2629 1550 2713 expiationes
1572 2640 1702 2708 certas,
1737 2648 1799 2714 per
1826 2649 1911 2716 quas
1938 2629 2089 2692 dixerunt
2112 2629 2185 2692 dari

169 2717 276 2802 primo
299 2726 386 2782 mter
407 2736 446 2781 se
469 2714 722 2794 dissentiebant,
740 2716 839 2802 igitur
861 2712 1064 2780 adolescens
1085 2733 1153 2779 non
1204 2716 1363 2800 Spiritum
1381 2726 1544 2780 sanctum.
1588 2714 1802 2780 instituerunt
1823 2714 1938 2781 varias
1962 2715 2183 2793 ceremonias,

172 2803 255 2868 satis
277 2800 422 2868 feliciter
444 2813 495 2867 est
517 2802 668 2869 eductus.
750 2823 759 2831 ‘
1202 2793 1442 2887 prohibitarum
1464 2821 1557 2865 esum
1580 2802 1991 2880 carnium‚damnaverunt
2014 2802 2109 2865 coniu
2137 2803 2184 2866 iar

263 2886 382 2954 Adhuc
399 2888 498 2954 hodie
517 2885 636 2952 Africa
658 2885 759 2951 habet
787 2882 937 2951 mirabile
963 2905 1072 2973 genus
1094 2883 1153 2951 ho·
1204 2889 1346 2974 denique
1367 2907 1490 2974 magna
1511 2884 1571 2952 suit
1594 2885 1813 2966 consummat
1835 2889 1868 2952 in
1891 2886 2088 2954 haeresibus
2110 2822 2184 2952 deri

170 2975 306 3053 minum,
351 2995 394 3038 uo
418 2975 472 3039 vix
494 2984 605 3056 potest
626 2971 670 3038 ali
695 2973 750 3038 nid
773 2973 946 3038 barbarius
969 2972 1045 3037 dici.
1081 2970 1154 3038 Nos
1203 2971 1308 3039 solete
1330 2974 1408 3058 quia
1428 2994 1545 3039 rerum
1566 2995 1648 3039 vero
1672 2984 1855 3052 consonat,
1889 2974 2097 3039 mendacium
2131 2984 2184 3039 est

168 3081 314 3147 agamus
361 3080 401 3125 eo
424 2995 838 3146 gr·atias,quodlabemus
856 3072 1025 3144 uteunque
1046 3054 1153 3123 lucem
1175 3059 1179 3098 ¹
1202 3059 1365 3126 infinitum
1386 3056 1518 3125 malum.
1563 3058 1712 3125 inomni
1740 3061 1990 3126 mendacioest
2018 3061 2184 3126 errorin·

170 3146 356 3225 doctrinae,
381 3157 414 3210 et
435 3157 586 3231 petamus
608 3167 651 3211 ne
677 3166 740 3210 nos
773 3147 909 3230 puniat,
944 3147 1154 3231 quemadmo·
1175 3147 1179 3198 l
1202 3145 1326 3212 finitus.
1371 3143 1406 3208 ln
1429 3166 1497 3210 una
1517 3143 1651 3212 haeresi
1673 3147 1828 3213 dicuntur
1855 3145 1958 3212 multe
1987 3168 2030 3233 pu
2057 3148 2182 3226 nautia,

172 3233 248 3297 dum
276 3229 352 3296 illos
379 3233 515 3315 punivit.
559 3231 634 3318 Ego
655 3232 858 3318 interrogavi
888 3228 1066 3317 aliquando
1096 3232 1177 3299 no·l
1202 3253 1270 3298 non
1292 3243 1529 3301 consentanea.
1573 3233 1632 3299 Sic
1653 3244 1686 3299 et
1707 3229 1751 3297 ibi
1774 3230 1897 3298 factum
1920 3243 1983 3299 est.
2055 3233 2185 3320 ugusti-

171 3315 652 3396 bilemluliaccnsen1‚rirum
676 3320 831 3397 doctum,
865 3320 920 3405 qui
953 3314 1014 3384 tun
1037 3338 1152 3382 comes
1175 3325 1266 3385 ‘nus
1311 3338 1369 3384 uer
1389 3319 1501 3391 incidit
1522 3319 1554 3384 in
1582 3315 1670 3403 hano
1702 3331 1852 3404 sectam,
1886 3320 2116 3406 perseveravit
2149 3321 2184 3384 iu

171 3405 331 3471 Caesaris
355 3407 397 3468 ad
420 3402 619 3471 Thunernm·
665 3402 730 3468 Dic
752 3404 848 3483 mibi,
878 3424 964 3491 quae
992 3415 1044 3469 est
1073 3424 1152 3469 con·
1174 3360 1179 3501 l
1201 3402 1270 3472 illis
1288 3341 1459 3470 luroribus
1481 3403 1704 3555 aliquamdiu:
1735 3405 1842 3472 donec
1863 3428 1925 3492 pro
1949 3418 2001 3470 ter
2022 3407 2185 3473 exercitia

169 3494 313 3558 suetudo
335 3493 430 3556 istius
453 3492 583 3576 gentis?
616 3493 769 3578 quemvis
802 3493 868 3556 iam
900 3502 977 3556 ante
1010 3512 1051 3555 ex
1078 3487 1152 3555 aliis
1175 3507 1178 3535 t
1201 3488 1412 3580 eloquentiae
1429 3491 1463 3556 in
1480 3489 1528 3557 lta
1542 3494 1606 3558 iam
1628 3511 1668 3558 se
1690 3490 1841 3558 contulit.
1886 3429 2036 3558 Allicani
2057 3492 2184 3558 habue-

193 3599 305 3663 uoque
327 3578 486 3642 sciebam.
521 3576 705 3663 Respondit
726 3575 939 3643 mihitdicam
951 3597 1018 3642 uno
1029 3579 1151 3642 verbo:
1172 3548 1179 3685 l
1201 3591 1279 3646 runt
1304 3598 1412 3665 genus
1442 3579 1604 3644 orationis
1653 3600 1691 3645 ro
1716 3579 1869 3645 emodum
1896 3579 2100 3659 Asiaticum,
2126 3579 2185 3645 im·

169 3599 250 3729 lma
272 3665 407 3730 nautica
429 3674 497 3739 est3
519 3664 626 3728 iacent
647 3662 755 3744 humi,
784 3664 961 3729 comedunt
982 3663 1089 3743 humi,
1118 3674 1151 3728 et
1171 3667 1431 3753 ppropriumet
1450 3686 1520 3733 uon
1536 3666 1620 3731 satis
1668 3601 1861 3732 inlecticum.
1905 3661 2007 3731 Venit
2023 3666 2185 3752 Angusti-

170 3751 288 3817 vivunt
310 3750 623 3817 morehestiarum=
644 3748 720 3815 Non
741 3762 820 3815 sunt
842 3770 1062 3837 congressus,
1081 3770 1150 3816 nou
1201 3773 1265 3818 nus
1289 3773 1331 3818 ex
1351 3746 1468 3817 Alrica
1487 3748 1640 3832 Romam.
1658 3750 1714 3816 ubi
1737 3754 1890 3819 exercuit
1913 3772 1952 3818 se
1974 3752 2007 3816 in
2030 3749 2184 3819 llhctori·

170 3835 331 3904 institutio
349 3833 508 3914 literaria,
526 3847 560 3900 et
581 3845 659 3900 sunt
680 3836 724 3900 ibi
747 3848 863 3921 turpes
885 3833 1051 3916 libidines,
1062 3839 1151 3902 unde
1202 3839 1263 3903 cis.
1304 3836 1385 3908 lnde
1400 3835 1625 3905 Mediolanum
1641 3838 1801 3919 accessit,
1821 3837 1879 3907 ubi
1900 3835 2012 3905 sactus
2034 3850 2086 3904 est
2104 3859 2184 3925 pro

169 3935 357 4011 sequuntur
378 3925 477 3988 etiam
499 3920 623 3988 multae
644 3922 825 4002 eaedes,et
846 3919 933 3988 aliae
954 3934 1077 4008 pestes.
1112 3921 1149 3987 ln
1201 3921 1315 3993 sessor
1334 3922 1552 3992 rhetorices:
1575 3935 1608 3990 et
1628 3945 1718 3990 anno
1740 3923 1793 3991 3⁰.
1815 3927 1935 3992 aetatis
1963 3945 2048 3991 suae
2074 3922 2184 4011 bapti·

171 4030 314 4090 summa,
336 4030 371 4075 es
391 4012 436 4076 ist
456 4011 522 4076 ciel
540 4010 633 4076 mna
654 4009 888 4089 decernam
909 4011 973 4076 das
993 4010 1053 4075 bot
1072 4009 1152 4074 bald
1202 4023 1297 4077 zatus
1330 4024 1384 4079 est
1415 4013 1459 4077 ab
1481 4009 1682 4091 Ambrosio,
1716 4032 1791 4079 aum
1823 4024 1922 4079 antea
1953 4008 2073 4079 luisset
2091 4036 2183 4092 xmp·

169 4095 377 4183 onpafanpen
410 4107 487 4180 post
519 4094 760 4182 Augustinumz
812 4095 865 4160 uia
898 4092 1040 4162 Vandali
1073 4108 1151 4181 post
1200 4093 1351 4182 χοῦμενος.
1381 4095 1481 4164 Soliti
1501 4109 1580 4164 sunt
1601 4095 1681 4163 olim
1702 4092 2064 4186 differreBaptisimum
2078 4089 2183 4185 longe

167 4196 309 4254 mortem
332 4182 511 4272 Augustini
532 4196 735 4268 oppressum
757 4117 917 4248 Adrieam.
961 4181 1079 4247 Statim
1097 4204 1150 4248 se·
1201 4197 1362 4271 tempore,
1384 4196 1510 4251 tantum
1543 4205 1585 4249 ex
1617 4185 1871 4270 superstitione;
1904 4184 1981 4272 quia
2012 4184 2183 4252 habebant

168 4271 263 4359 quuti
294 4281 374 4336 sunt
406 4269 606 4349 sarraceni,
640 4280 673 4335 et
711 4269 887 4336 maximam
922 4265 1151 4336 crudelitatem
1200 4270 1289 4338 hanc
1312 4271 1523 4358 opinionem,
1556 4271 1646 4357 quod
1702 4292 1740 4337 er
1763 4272 1963 4356 baptismum
1986 4264 2184 4340 tollerentur

168 4367 411 4433 exercuerunm
434 4356 587 4442 quamvis
616 4353 770 4421 scribrmt
787 4368 822 4420 et
842 4352 1018 4422 Vandalos
1045 4352 1152 4423 luisse
1201 4357 1312 4423 omnia
1332 4369 1483 4442 peccata.
1527 4352 1579 4422 llli
1611 4294 1700 4443 quill
1723 4357 1896 4425 discebant
1930 4355 2184 4438 catechismum,

167 4465 311 4532 asperos
333 4456 367 4513 et
389 4440 553 4509 crudeles.
597 4441 851 4529 suspenderunt
866 4441 1013 4529 virgines
1031 4443 1151 4529 nudas,
1201 4445 1398 4510 dicebantur
1428 4436 1644 4526 κατηχοῶμενοι
1660 4465 1682 4509 a
1702 4452 1859 4528 κατῃχέω,
1891 4444 1981 4531 qaod
2014 4444 2184 4511 sinificet

192 4553 257 4603 uae
288 4525 467 4600 oonlessae
505 4542 600 4594 erant
633 4530 817 4599 doctrinam
845 4527 1076 4596 orthodoxam
1108 4529 1152 4596 da
1201 4532 1252 4596 sic
1274 4531 1406 4596 erudire
1426 4528 1483 4597 vel
1504 4530 1694 4608 instruere,
1726 4543 1765 4597 nt
1784 4541 2006 4614 reposcantur
2027 4467 2115 4596 cleta
2137 4533 2182 4598 ab

169 4554 319 4703 dhrtsto,
343 4629 376 4685 et
394 4613 554 4685 nolebant
576 4614 720 4681 deficere
746 4615 789 4681 ad
817 4615 860 4682 do
887 4616 1149 4683 marturianum.
1174 4592 1179 4739 Ι
1200 4617 1418 4683 auditoribus.
1462 4615 1528 4680 Ubi
1556 4617 1641 4683 euim
1673 4615 1742 4682 boc
1773 4638 1841 4682 non
1874 4615 1932 4691 iit.
1954 4615 2182 4705 negligentius

167 4710 216 4779 lbi
238 4715 402 4774 steterunt
423 4716 548 4771 matres
576 4703 610 4767 in
633 4714 815 4787 conspectu
875 4704 994 4787 iarum,
1016 4717 1049 4770 et
1072 4723 1151 4768 con·
1201 4704 1349 4769 discitur.
1413 4699 1488 4789 Ego
1522 4700 1624 4770 eredo
1659 4724 1735 4770 cum
1764 4701 1936 4788 gravitate
1967 4716 2003 4770 ot
2030 4705 2182 4771 moribus

168 4795 343 4863 firmarunt
366 4788 513 4871 illias‚ut
534 4800 625 4856 esset
649 4802 844 4855 constantes
866 4791 899 4854 in
923 4786 1149 4856 consessione.
1199 4789 1372 4857 Ambrosii
1392 4802 1517 4857 motum
1539 4809 1638 4869 esse,
1670 4801 1708 4855 ut
1740 4791 1911 4874 acciperet
1944 4810 1985 4853 ea
2010 4787 2183 4872 libentius,

165 4881 244 4949 Fuit
265 4877 401 4947 multura
424 4876 630 4945 miseriarum
652 4876 697 4941 ibi
719 4895 866 4961 semper:
893 4896 958 4942 nos
982 4889 1149 4962 petamus,
1200 4896 1286 4962 quae
1308 4876 1473 4943 tradebat.
1516 4870 1602 4943 Nam
1632 4875 1677 4942 ab
1712 4895 1753 4941 eo
1785 4874 1938 4942 refutatis
1965 4872 2181 4947 lllaniohaeo-

169 4984 206 5039 ut
227 4966 323 5038 Dens
340 4966 466 5055 mitiget
488 4963 585 5029 nobis
606 4982 758 5048 poenas,
790 4974 825 5029 et
852 4975 968 5030 seruet
990 4959 1148 5053 reliquias
1200 4982 1275 5031 rura
1295 4962 1478 5042 erroribus,
1490 4960 1655 5029 deductus
1678 4975 1730 5027 est
1748 4960 1791 5026 ad
1812 4961 2004 5029 raritatem:
2023 4974 2060 5032 et
2080 4959 2180 5053 phut

169 5077 264 5138 suas,
286 5069 319 5123 et
342 5077 408 5122 non
430 5043 580 5121 effuudht
602 5059 704 5118 tetam
725 5048 810 5114 iram
830 5068 935 5115 suam.
1200 5068 1288 5118 tuum
1310 5069 1445 5137 semper
1468 5043 1556 5115 valet
1576 5046 1756 5115 auctoritas
1778 5069 1959 5134 personae.

254 5139 442 5213 Manichaei
470 5137 603 5208 sutores
628 5134 833 5207 umanum
859 5131 1150 5225 laegatempore,
1285 5135 1418 5231 Optima
1438 5131 1541 5223 igiter
1559 5128 1719 5219 nomint
1737 5134 1931 5229 Augrrstiuo
1954 5130 2018 5207 illa
2036 5132 2181 5213 brutia·
2206 5216 2209 5221 ,
