4620 5588
144 224 209 295 aaa
376 172 379 179 ¹
834 222 1060 331 ¹roscreen
1081 224 1483 296 immurmurans
2092 231 2160 303 oar

229 416 348 481 Betae
370 416 431 479 dua
452 415 575 482 dictum
597 415 696 482 auct:
716 415 791 479 Non
811 420 1124 499 cmleocarer'uetcs,
1177 415 1303 483 culum:
1327 420 1383 483 ubi
1406 418 1506 485 debet
1528 419 1626 485 vobis
1650 440 1730 485 esse
1751 420 1786 485 in
1808 416 1992 505 conspectu
2011 442 2156 488 commu·

143 506 200 568 sed
220 514 406 586 peccatores
423 502 468 565 ad
484 505 726 584 pomiterdinm:
749 503 811 569 Est
832 503 953 588 ingens
971 501 1124 569 consola·
1176 505 1228 567 nis
1250 504 1402 570 doctrina
1421 505 1463 569 de
1484 503 1654 571 miraculis
1685 527 1787 591 saepe
1806 508 1960 591 repetita;
1989 504 2156 588 videlicet,
2282 562 2285 567 .

143 596 201 671 tio,
225 594 314 677 quod
336 593 460 656 scimus
483 610 546 655 nos
569 591 735 655 accedere
756 592 800 656 ad
823 589 942 662 Deum,
961 610 1028 655 nou
1042 590 1124 655 lidu-
1176 589 1340 656 hliracula
1361 612 1440 657 esse
1462 593 1649 659 testimonia
1671 595 1854 672 doctrinae,
1878 605 1910 658 et
1932 596 2157 679 proptereain

21 691 24 703 '
144 682 197 746 cia
220 691 358 743 nostrae
386 677 573 763 dignitatis,
607 678 670 742 sed
701 678 952 743 misericordiae
980 677 1123 743 divinae.
1175 672 1330 742 Ecclesia
1351 698 1430 744 esse
1451 677 1632 762 peculiaria
1654 677 1830 759 miracula,
1860 677 2062 746 inimitabilia
2085 681 2156 747 'dia-

144 767 237 830 Sicut
259 766 419 849 scripturn
442 776 511 829 esu
544 762 670 826 Salam
699 783 747 827 mc
770 767 828 844 sac
845 772 981 846 propter
1008 766 1125 829 mseri-
1177 760 1268 844 holo,
1295 764 1384 833 sicut
1414 784 1518 851 nuper
1536 766 1710 831 audivistis
1734 768 1775 831 de
1796 767 2052 833 resuscitatione
2073 787 2157 833 mor·
2242 771 2251 788 ⁹

145 852 302 914 cordium:
331 851 388 912 Ich
409 850 461 913 sut
479 849 568 914 nicht
589 849 781 932 pedenckcn:
811 849 886 938 Ego
914 871 989 917 sum
1016 851 1125 934 iustus
1177 852 1234 932 tui,
1256 871 1356 938 quam
1377 849 1544 918 Diabolus
1565 849 1657 918 nullo
1681 852 1779 918 modo
1801 845 1914 939 potest
1936 854 2064 919 imitari.
2100 851 2157 918 Se·

140 939 267 1004 iustitia
287 934 476 1012 essentiali;
496 937 572 1005 ideo
594 934 724 1021 placeo.
758 935 878 1005 Debeo
901 939 1052 1026 cogitare
1072 957 1125 1003 me
1178 940 1288 1005 cunda
1314 940 1473 1017 ruateria,
1495 950 1547 1005 ast
1569 940 1611 1005 de
1640 939 1800 1006 Sabbata.
1844 939 1899 1006 De
1927 941 1992 1006 ista
2014 941 2079 1005 iaru
2099 935 2156 1004 ali·

104 1086 106 1091 .
144 1045 223 1091 esse
246 1035 474 1109 peccatorem,
495 1035 530 1089 et
551 1024 687 1109 quando
709 1023 748 1090 fit
766 1025 955 1104 conversio,
978 1026 1125 1093 tuncde-
1177 1037 1336 1111 quantum
1381 1025 1537 1091 dicemus.
1596 1023 1708 1091 'l'ertia
1756 1027 1894 1092 materia
1937 1027 1979 1091 de
2025 1027 2156 1092 morbo·

146 1114 263 1179 bemus
285 1112 381 1186 scire,
404 1112 496 1194 quod
518 1112 696 1197 recipimur
717 1124 855 1196 propter
885 1110 1005 1177 hliuma
1032 1112 1125 1178 Sicut
1177 1133 1249 1176 rum
1274 1111 1415 1176 caussis.
1466 1110 1538 1176 Nos
1572 1112 1776 1177 accersimus
1809 1113 1907 1177 nobis
1945 1115 2099 1192 morbos,
2122 1125 2157 1176 et

144 1196 301 1266 Psalmus
322 1198 356 1263 in
379 1198 442 1264 uit:
464 1196 576 1276 Beati,
592 1217 722 1280 morum
740 1205 875 1281 peccatu
895 1206 967 1262 runt
987 1205 1084 1263 tecto.
1177 1209 1286 1263 tamen
1315 1197 1463 1282 peranda
1490 1209 1544 1262 cst
1571 1198 1698 1264 curatio
1722 1220 1742 1262 a
1763 1196 1861 1264 Deo:
1896 1200 1973 1283 quia
2004 1197 2155 1286 hydrops

186 1284 259 1348 Nun
280 1283 359 1349 benc
416 1304 452 1346 er
472 1284 556 1346 drea
575 1285 620 1350 de
641 1282 794 1351 libertate
816 1281 1015 1353 Christiana.
1178 1294 1231 1349 est
1252 1280 1329 1348 talis
1350 1285 1487 1362 siurbis,
1509 1285 1566 1370 qui
1589 1283 1783 1370 plerumque
1805 1285 1964 1350 orituros
1980 1296 2097 1350 nostra
2109 1287 2154 1349 in·
2188 1332 2191 1337 -

1179 1373 1404 1455 temperantia.
1450 1370 1639 1451 Postremo,
1667 1383 1719 1436 est
1745 1372 1945 1458 gravissima
1971 1373 2091 1436 concio
2114 1371 2156 1436 de
2267 1408 2270 1415 ·

274 1457 382 1530 Quare
398 1456 552 1538 discipuli
572 1459 620 1521 tui
640 1476 702 1519 nort
724 1459 885 1526 ieiunant?
1179 1457 1335 1541 superbia
1365 1469 1398 1523 et
1419 1457 1629 1522 comminatio
1652 1455 1831 1523 terribilis:
1866 1456 1930 1528 Qut
1961 1478 1994 1519 se
2021 1457 2154 1529 exaltat,

1176 1542 1397 1609 mundabitur.
1445 1544 1495 1606 lat
1516 1547 1584 1609 arra
1604 1564 1714 1628 prosse
1735 1545 1962 1630 comminatio,
1994 1546 2053 1606 uie
2083 1562 2155 1604 ancer

229 1629 385 1698 Christus
407 1631 443 1696 in
464 1649 595 1697 summa
622 1629 691 1696 hoc
718 1630 922 1717 respondet:
957 1629 1045 1704 Quia
1064 1627 1125 1695 illa
1177 1629 1258 1693 auch
1279 1629 1433 1697 deletio
1454 1631 1535 1712 vita,
1556 1631 1634 1694 dass
1656 1652 1690 1693 ea
1711 1630 1780 1693 also
1800 1629 1903 1712 pedet.

140 1718 263 1787 ieiunia
284 1737 352 1783 nou
376 1727 454 1782 sunt
475 1717 671 1785 necessaria
693 1728 861 1802 tamquam
883 1713 993 1783 cultus
1009 1715 1074 1782 Dei
1089 1728 1124 1785 et
1262 1714 1423 1783 Dicamus
1444 1719 1585 1802 primum
1607 1718 1649 1783 de
1671 1716 1830 1784 Sabbato.

64 1859 67 1865 a
142 1807 307 1881 meritum,
330 1804 459 1871 interim
482 1803 606 1870 debent
623 1822 701 1869 esse
722 1800 836 1887 aliqua
860 1805 1019 1870 exercitia
1042 1815 1123 1869 teru-
1262 1801 1325 1867 llic
1348 1803 1490 1884 debetis,
1511 1803 1767 1876 adolescentes,
1796 1821 2004 1874 communem
2033 1813 2072 1868 et·
2089 1801 2154 1867 usi·

202 1892 331 1957 antiaar
362 1889 439 1956 Non
465 1890 629 1976 sequitur,
652 1890 744 1974 quod
766 1908 967 1956 concessum
984 1892 1029 1957 sit
1050 1887 1122 1956 hel·
1174 1899 1275 1954 tatam
1298 1890 1494 1963 doctrinam,
1527 1912 1627 1976 quam
1661 1891 1788 1963 discitis
1818 1891 1852 1955 in
1870 1888 2015 1955 lectione
2033 1888 2153 1980 ephee

155 1980 244 2057 uari3
264 1977 375 2042 Donec
385 1995 519 2058 sponsus
529 1976 574 2041 cd
585 1983 643 2048 eet,
657 1978 988 2044 amumiumaur:
1010 1977 1120 2056 idest,
1172 1975 1245 2040 rica
1268 1977 1495 2043 considerare.

140 2062 202 2143 illi,
213 2066 269 2149 qui
290 2075 384 2130 recte
405 2060 700 2151 intelliguntlivan
745 2061 838 2141 lium,
859 2059 986 2130 fuciunt
1008 2059 1119 2132 cultus

140 2152 367 2230 necessarios,
394 2170 463 2216 uon
496 2146 622 2217 iaciunt
655 2161 765 2217 cutus
793 2169 863 2216 non
894 2151 1119 2217 necessarios.

140 2240 239 2306 Prius
255 2235 408 2305 homines
436 2249 517 2341 sunt
549 2236 690 2303 docendi
707 2237 766 2342 'de
798 2237 961 2341 capitibus
996 2237 1121 2343 doctri·
1315 2221 1451 2325 Quare
1482 2221 1596 2308 Deus
1627 2223 1799 2309 instituit
1828 2220 2010 2308 annum?

47 2383 50 2387 ⁴
140 2320 988 2489 digiamiiceihaiedhliliaiieduddremstidnroihlircidaud
1008 2321 1121 2477 prpssp:
1259 2406 1382 2474 Ordior
1409 2408 1451 2472 ah
1474 2427 1579 2475 annot
1607 2407 1686 2493 quia
1713 2408 1790 2474 anui
1818 2403 1944 2473 utilitas
1972 2417 2025 2471 est
2051 2404 2152 2471 nobis

140 2499 215 2586 gis,
243 2497 320 2582 quia
346 2496 415 2560 hoe
435 2504 528 2560 esset
547 2491 711 2561 libertatis
733 2493 954 2563 Christianae.
976 2495 1041 2559 Dia
1061 2504 1128 2581 poi
1171 2493 1313 2561 mulene
1333 2506 1426 2561 nota.
1468 2491 1624 2580 intelligo
1655 2506 1765 2560 autern
1787 2493 1853 2559 iam
1874 2512 1997 2558 annum
2024 2488 2153 2559 hlathe·

139 2594 294 2669 potestte
327 2581 391 2645 wli
418 2581 473 2643 ido
504 2580 555 2643 bei
584 2581 654 2642 dem
685 2579 790 2662 Kupff
809 2603 986 2664 neumae
1009 2581 1120 2658 Mle»,
1171 2581 1340 2660 maticum,
1363 2600 1430 2647 non
1452 2577 1651 2668 Physicum;
1672 2580 1781 2661 idest,
1801 2599 1870 2645 non
1887 2575 1978 2644 illum
1990 2578 2153 2657 ordinem,

60 2695 66 2700 ·
139 2671 207 2736 med
227 2672 278 2730 im
299 2667 389 2731 Locis
404 2666 553 2750 paueat
599 2665 796 2736 Hominibus
816 2670 984 2737 indomitis
1004 2667 1121 2739 laxare
1171 2667 1262 2755 quod
1284 2677 1362 2735 sunt
1383 2669 1476 2733 vices
1498 2668 1637 2734 aestatis
1660 2679 1694 2732 et
1714 2666 1849 2743 hiemis3
1872 2666 2043 2752 quiaistas
2057 2666 2152 2731 vices

139 2755 340 2834 libertatem,
363 2765 415 2822 est
435 2752 569 2821 malum·
614 2751 758 2828 Quando
786 2755 821 2823 id
848 2755 903 2835 iit,
924 2769 1006 2825 tune
1032 2776 1121 2828 rum·
1171 2755 1339 2821 institutas
1360 2772 1439 2820 esse
1485 2767 1600 2839 repter
1617 2750 1906 2819 foecundatiouem
1919 2765 2028 2818 temne
2048 2750 2152 2832 mani·

163 2855 273 2921 untur,
294 2842 384 2909 sicut
403 2852 497 2909 utres
514 2850 659 2907 veteres·
686 2840 757 2906 Wtr
776 2842 1022 2907 mastrucam:
1043 2843 1121 2911 aaa:
1170 2838 1293 2907 iestum
1316 2850 1386 2917 eat,
1415 2776 1483 2906 sed
1497 2839 1533 2909 lo
1580 2862 1622 2907 cr
1644 2841 1686 2908 da
1708 2841 1817 2925 spatio
1844 2839 2025 2924 temporis,
2053 2849 2088 2903 et
2109 2837 2189 2903 de,

138 2866 284 2996 lumiliae
305 2929 371 2995 iam
392 2925 529 2994 trahunt
548 2945 623 2998 nos.
645 2931 705 2993 atr
722 2928 823 2994 acitea
840 2932 1061 3013 aequoque
1081 2930 1121 2995 is·
1171 2948 1260 2994 anno
1272 2924 1521 2994 Mathematico.
1583 2947 1654 2993 ceo
1678 2947 1818 3014 quaero:
1842 2945 1896 3004 an,
1920 2938 1952 2990 et
1974 2945 2034 2990 cur
2055 2923 2151 2990 Deus

113 3014 114 3019 ’
137 3018 210 3084 beu:
232 3011 515 3096 discurreretis
538 3013 615 3096 unci
642 3015 778 3097 reduces
799 3015 948 3103 ἀληθοῦς,
979 3038 1048 3085 non
1077 3019 1122 3083 sit
1171 3011 1265 3082 illum
1285 3012 1452 3082 instituit?
1472 3013 1510 3081 ln
1532 3013 1658 3081 Genesi
1681 3015 1814 3081 dicitur:
1836 3011 1898 3076 Sol
1916 3011 2153 3076 cremamur

138 3103 381 3191 hypocriticam
403 3101 608 3181 exercitium,
631 3108 685 3169 aul
703 3103 909 3190 μετριότῃοςε
941 3102 1014 3169 Dae
1034 3123 1122 3167 maru
1170 3104 1204 3163 in
1226 3105 1329 3184 simtu
1352 3120 1468 3163 memet
1489 3109 1521 3166 et
1538 3121 1646 3167 amens.
1678 3101 1757 3167 ldeo
1775 3099 2051 3167 auteminstituit:
2073 3099 2152 3187 quia

139 3190 244 3255 leideu
265 3189 339 3268 aaa,
361 3186 460 3265 sucht,
490 3190 550 3249 cte
570 3207 643 3249 mua
664 3197 748 3273 rapt,
781 3193 867 3253 cium
895 3210 952 3276 acy
976 3190 1022 3257 40
1048 3190 1122 3255 ileos
1170 3185 1267 3256 Deus
1295 3185 1402 3255 voluit
1427 3200 1543 3255 uotum
1564 3209 1645 3256 esse
1664 3189 1792 3255 initium
1813 3186 1945 3267 mundi,
1974 3200 2009 3253 et
2031 3187 2152 3254 deinde

139 3277 208 3357 «aas
230 3277 316 3337 aaa
340 3273 444 3338 maen
469 3274 653 3356 amanum.
696 3275 796 3355 ltem,
821 3276 896 3360 perd
926 3286 1121 3365 συμμετρίας.
1170 3276 1292 3345 seriem
1314 3283 1484 3349 annotam,
1506 3295 1549 3342 ne
1570 3277 1788 3362 imaginemur
1808 3275 1967 3343 muudum
1995 3293 2073 3341 esse
2094 3270 2152 3341 vel

138 3363 203 3426 ma
231 3360 375 3425 namra
403 3361 505 3427 debet
527 3361 634 3447 magis
656 3362 784 3430 habere
809 3365 987 3445 exercitia,
1020 3385 1120 3452 quam
1170 3359 1277 3430 funes
1299 3381 1341 3428 ac
1361 3370 1513 3442 aeterno,
1533 3361 1591 3429 vel
1612 3362 1702 3430 huuc
1713 3372 1838 3428 statum
1856 3361 1989 3448 generis
2000 3357 2149 3440 hmuani,

138 3447 257 3517 mulier
274 3446 426 3534 gravida
443 3441 499 3512 vel
514 3445 693 3515 imbecillis
713 3468 831 3515 senex.
1171 3452 1227 3537 qni
1250 3468 1340 3517 nuno
1362 3458 1427 3527 est,
1454 3461 1626 3533 aeternum
1647 3445 1737 3523 foret
1764 3459 1799 3516 et
1824 3468 1867 3514 ne
1890 3457 2007 3515 essent
2038 3445 2153 3513 infini-

226 3532 340 3607 Quare
359 3543 558 3618 rumpuntur
579 3543 673 3600 utres
694 3534 854 3601 umeresl
874 3535 1121 3603 lmointerdum
1170 3548 1227 3603 tae
1248 3535 1408 3601 tenebrae
1427 3535 1461 3599 in
1484 3536 1619 3616 mundo,
1663 3536 1718 3602 uia
1738 3531 1852 3603 nullae
1873 3545 1989 3601 esseut
2018 3554 2156 3619 eompuv·
2215 3536 2217 3540 ’

139 3621 238 3696 etiam
259 3617 350 3685 dolia
371 3630 569 3705 rumpuntur
589 3618 702 3687 inluso
724 3631 847 3701 musto,
879 3623 1014 3707 quando
1040 3623 1119 3691 vina
1171 3623 1326 3700 tationes,
1346 3616 1459 3686 nullus
1489 3634 1582 3688 esset
1603 3557 1700 3702 ordo,
1726 3624 1757 3686 si
1777 3642 1846 3687 non
1868 3634 1961 3688 esset
1982 3618 2040 3687 illa
2062 3620 2149 3687 ordi-

138 3720 217 3774 sunt
238 3703 357 3785 fortia,
376 3717 414 3772 ut
435 3706 468 3770 in
482 3704 896 3792 Austriaetngariasae
949 3709 1003 3774 sit.
1024 3707 1120 3777 llaec
1169 3708 1261 3774 natio
1286 3727 1461 3786 annorum,
1494 3729 1580 3793 quae
1604 3719 1657 3775 est
1679 3728 1746 3775 non
1767 3707 1946 3775 humanum
1967 3709 2149 3779 inventum

138 3804 192 3868 eet
213 3812 348 3860 ceusu.
393 3789 430 3856 ln
458 3804 569 3859 musto
597 3804 651 3859 est
672 3790 833 3860 naturalis
866 3814 962 3877 fior,
1012 3795 1046 3862 ui
1063 3816 1121 3863 ao·
1170 3795 1231 3860 sed
1257 3794 1413 3882 quiddam
1438 3793 1556 3861 aDeo
1587 3795 1782 3862 institutum.
1826 3795 1919 3860 Haec
1951 3815 2150 3881 quamquam

137 3892 236 3948 natur
253 3875 425 3965 expellere
446 3876 722 3962 superfluitatem,
749 3898 836 3967 quae
864 3893 919 3948 est
947 3902 969 3948 a
1014 3903 1057 3950 uc
1083 3884 1118 3949 in
1168 3901 1274 3967 parva
1296 3892 1386 3960 sunt,
1406 3889 1517 3946 tamen
1539 3894 1618 3948 sunt
1638 3882 2038 3968 dignaconsideratione3
2060 3882 2149 3948 sicut

94 4000 96 4003 v
138 3967 266 4034 recenti
286 3975 408 4043 musto,
425 3973 458 4030 et
469 3961 619 4050 expellit,
640 3969 730 4035 sicut
750 3967 882 4047 videtis,
902 3969 1036 4054 quando
1053 3965 1119 4035 fer·
1168 3965 1253 4034 alias
1272 3967 1337 4033 dixi
1370 3968 1413 4033 de
1445 3968 1591 4052 quodam
1612 3967 1780 4049 Doctore,
1813 3970 1871 4056 qui
1901 3969 2050 4037 dicebare
2083 3967 2150 4032 Mei

138 4065 218 4120 vent
238 4064 366 4118 musta:
386 4061 423 4116 ut
444 4051 543 4137 igitur
564 4054 608 4119 sit
628 4054 784 4140 spatium,
797 4051 922 4141 frangit
943 4056 1041 4121 emm
1059 4056 1120 4121 do·
1168 4056 1282 4117 rustici
1302 4054 1376 4119 tene
1396 4056 1512 4126 scium,
1539 4055 1666 4139 mando
1686 4059 1730 4119 eit
1750 4056 1856 4128 Metus,
1883 4054 2010 4139 maudo
2033 4062 2149 4129 uastae,

137 4137 183 4212 ha
205 4155 238 4205 er
254 4151 363 4204 utres:
392 4139 471 4223 quia
498 4147 618 4207 natura
638 4160 708 4207 non
730 4141 854 4227 patitur
886 4140 1060 4208 coherceri
1080 4139 1118 4207 il·
1168 4141 1248 4225 quc
1271 4161 1352 4223 opus
1384 4146 1434 4207 eat
1456 4140 1671 4208 comdant
1713 4142 1757 4208 D.
1779 4142 1943 4210 Martinus
1964 4140 2043 4208 mihi
2063 4142 2150 4208 assi·

137 4222 205 4292 lam
223 4222 499 4309 superfluitatem,
523 4238 557 4291 et
579 4244 640 4291 vas
662 4238 716 4295 est
737 4227 834 4293 nimis
854 4248 876 4293 a
966 4238 1044 4294 tum.
1071 4226 1119 4293 Ee
1170 4230 1267 4307 dens,
1288 4248 1342 4295 me
1362 4247 1401 4294 as
1480 4239 1691 4309 tmetuens,
1713 4250 1757 4296 ne
1779 4229 1923 4296 dicerem
1944 4225 2069 4317 aliquid
2092 4231 2150 4297 du·

138 4334 220 4376 rausa
251 4315 302 4375 eiu
320 4329 444 4395 corpus
467 4309 537 4372 dem
560 4313 681 4376 eadm
711 4313 857 4378 amedu.
876 4248 1028 4384 *hilara
1050 4336 1120 4383 non
1170 4315 1251 4388 rins,
1273 4315 1355 4381 dixi:
1406 4317 1508 4399 yreia
1529 4319 1580 4378 cin
1600 4315 1817 4385 madocterliclt
1837 4317 1967 4380 redeist
1978 4316 2059 4378 cast
2078 4313 2151 4384 fere

138 4400 277 4484 partitur
309 4397 571 4483 penetrationem
604 4400 861 4480 dimensionum,
889 4400 978 4468 sicut
999 4412 1120 4469 natura
1171 4401 1340 4468 dixistem:
1360 4403 1420 4462 wic
1441 4404 1492 4462 ein
1507 4403 1614 4484 probe,
1637 4403 1783 4465 aedredo
1799 4403 1875 4467 rede
1896 4403 1972 4469 iatri
1994 4402 2073 4469 Non
2095 4413 2149 4469 est

138 4506 207 4552 non
230 4486 370 4552 admittit
392 4504 546 4552 vacuum.
1170 4487 1313 4553 hominis
1341 4506 1418 4552 vox.
1470 4487 1563 4555 Deus
1594 4490 1759 4575 sapientia
1790 4486 1952 4578 singulari
1984 4488 2149 4557 ordinavit

1170 4586 1277 4681 metas
1299 4586 1332 4639 et
1355 4573 1514 4678 circuitus
1541 4576 1639 4651 annia
1672 4578 1750 4664 quia
1782 4573 1887 4645 voluit
1919 4567 2036 4643 notiam
2069 4594 2149 4642 esse

241 4723 464 4796 murum
485 4726 593 4793 xvc.
615 4724 1010 4813 possusumus.
1168 4658 2148 4834 bisuntium?‘iniistislibitis

394 4845 662 4937 Evangelium
684 4846 779 4915 Luc,
799 4847 858 4914 14.
1168 4845 1262 4902 aetas
1284 4833 1419 4921 quando
1440 4844 1600 4903 venturus
1621 4847 1714 4903 esset
1734 4837 1891 4906 Messias.
1934 4834 2079 4913 Deinde,
2110 4846 2148 4902 ut

171 4965 216 5037 Ε,
233 4967 355 5045 sm„
377 4973 434 5041 m,
458 4989 525 5032 ,um
545 4970 722 5034 mm
742 4967 897 5034 „om-m
912 4973 947 5033 ,a
967 4970 1091 5037 eom
1168 4940 1232 4988 aas
1255 4940 1389 5007 quoque
1409 4920 1574 4989 sciremus
1595 4934 1677 5009 post
1697 4923 1878 4991 exhibitum
1891 4919 2148 5003 Messiamnon

236 5053 399 5116 wadum
414 5056 577 5140 principie
597 5054 841 5155 Phar-iaceam
862 5056 1021 5122 monuo.-
1167 5003 1655 5182 zsszmwhfflifiii
1674 5008 1963 5165 mppppmfipsesp
1977 5009 2149 5166 isoitie'rinlss
2173 5086 2176 5091 ¹

224 5175 263 5241 ln
283 5175 476 5265 medone
496 5178 710 5263 primunt
729 5177 1119 5249 coneldsrndummlrs·
1165 5177 1406 5259 Μαι...
1428 5179 1479 5253 ltu
1499 5183 1579 5251 aad
1587 5179 1713 5263 utilitas
1735 5181 2156 5279 utumximeconspicum.

1735 5299 1794 5353 w
