4620 5588
155 208 222 276 sm
313 276 317 285 ,
471 243 509 300 ·.
842 204 1064 274 rusrnun
1081 174 1480 273 urrnmruomsrra
2104 210 2171 279 sm

156 403 231 482 auff
246 398 307 464 der
327 399 454 464 medem
475 398 572 482 virga
592 393 748 460 Aaronis.
781 392 937 467 Quatuor
958 393 1136 459 drachmae
1188 394 1242 455 die
1259 393 1358 459 huben
1380 394 1460 459 mich
1481 416 1517 458 eo
1534 394 1610 477 ianp
1631 404 1722 458 anter
1742 396 1812 462 atel
1834 397 2026 478 tonuttotrt,
2053 398 2104 462 dis
2122 403 2204 473 sie,

157 494 235 551 sunt
256 490 310 550 ein
331 485 443 548 holder
463 484 579 550 idaia.
613 477 841 546 Didraolrmou
863 486 917 546 ebt
938 483 1022 546 orld.
1056 478 1137 543 Pro·
1188 479 1250 541 den
1270 501 1401 562 promen
1423 479 1516 562 copel
1541 481 1601 544 deu
1628 481 1766 545 Teredon
1788 484 1879 548 ham
1907 504 2011 568 rupen.
2056 485 2170 573 Argu·

156 571 264 656 portio
304 571 401 637 dteibt
441 570 665 652 anyesedrihlt
702 585 762 632 con
801 569 910 632 Zeten
946 586 987 632 n·
1020 566 1136 631 chen.
1189 578 1334 632 mentum
1356 566 1554 632 iudaeorum
1577 579 1665 633 erat:

155 654 774 828 rtmurrmmm
793 653 1138 818 ertatem
1315 685 1523 834 ιμ’·
1540 688 1843 839 mm
1864 694 1940 774 a
1959 690 2074 756 aa
2090 713 2172 773 m

155 850 194 895 ,0
221 846 305 894 „m
338 828 391 893 pf„
422 829 534 894 moer
551 828 672 907 pmcn
693 830 746 889 et'n
768 819 890 887 Siclus.
937 821 1046 886 Pretia
1069 841 1135 885 nte
1317 857 1407 920 Hm
1424 862 1560 940 pecunia
1582 868 1628 921 m
1649 862 1715 923 ‚pm
1736 861 1862 943 temp,

156 911 311 979 tulloruru
333 916 396 978 ium
419 925 613 990 creverunt,
640 923 674 975 et
719 909 784 974 uod
813 907 894 974 fiunt
924 906 1010 973 tales
1032 919 1136 972 routa-
1316 943 1348 1004 E
1384 964 1446 1007 0„
1510 947 1605 1012 md
1646 948 1692 1009 (p,
1712 947 1744 1008 R
1842 951 1865 1007 ·,

156 1001 278 1079 tiones,
301 998 335 1065 tit
353 995 473 1065 malitia
489 997 668 1064 hominum.
695 931 825 1061 hostat
840 994 1005 1061 ordinaria
1023 990 1136 1078 templi
1346 965 1384 1025 '⁹
1448 967 1489 1007 ⁰¹⁸
1605 968 1645 1008 an
1745 969 1875 1010 ‘mm‘

155 1087 273 1171 pensio
302 1105 466 1168 paucam,
497 1087 566 1151 und
583 1092 660 1164 aaut
683 1083 745 1148 der
764 1089 851 1148 tect:
882 1079 1051 1164 pauperes
1071 1098 1136 1146 nott
1274 1078 1476 1170 Allegaront
1498 1083 1597 1149 etiam
1610 1083 1796 1170 exemplum
1807 1083 2098 1165 Maccahaeorum,
2110 1085 2167 1152 de-

155 1175 347 1248 durannum,
375 1172 639 1238 cadauerum
659 1171 786 1235 auena
838 1164 933 1238 Deus
961 1163 1065 1232 voluit
1086 1164 1136 1230 sic
1187 1163 1389 1233 seudentium
1426 1165 1582 1254 templum
1611 1184 1726 1236 contra
1757 1171 1968 1237 Antiochum.
2018 1171 2165 1254 Quaero,

154 1252 214 1323 illa
251 1256 380 1322 serrari
421 1257 638 1342 proportione
678 1251 918 1331 Arithmatica,
954 1247 1136 1336 praeclusit
1187 1275 1230 1319 un
1253 1252 1450 1339 exemplum,
1472 1257 1516 1319 sit
1533 1254 1655 1321 simile:
1680 1269 1713 1322 et
1734 1279 1779 1323 au
1792 1257 1929 1321 Romani
1952 1268 2075 1322 tantum
2089 1256 2167 1326 rnull

154 1346 240 1410 vium
263 1343 446 1408 ambitiosis
469 1341 670 1419 bominibus,
691 1349 724 1405 et
745 1339 824 1405 item
844 1337 1021 1426 Tyrannis.
1062 1336 1134 1402 Les
1187 1336 1337 1419 fecerint,
1360 1353 1519 1426 quantum
1542 1339 1757 1408 Antiochus?
1786 1340 1890 1408 hiulta
1913 1355 1992 1409 sunt
2015 1344 2166 1410 conside·

156 1431 264 1495 divina
285 1429 388 1495 habat
409 1424 577 1494 mirabiles
600 1427 766 1504 rationes,
800 1437 834 1490 et
867 1439 977 1490 tamen
1006 1424 1135 1510 sapien·
1186 1427 1347 1492 tandein
1369 1427 1591 1513 explicatione
1612 1430 1800 1516 argumenti
1821 1429 1994 1513 propositi.

154 1517 282 1582 tissime
315 1514 496 1580 0⁰n⁸fiiui³
527 1527 590 1583 0⁵1·
645 1513 683 1577 ¹¹¹
704 1508 781 1597 ¹⁰8⁶
808 1512 852 1577 Μ
872 1519 965 1577 '⁰²⁸⁸‘
990 1514 1067 1592 ‘mff
1081 1513 1136 1577 die
1315 1545 1393 1608 Iura
1414 1547 1522 1628 tontptt
1542 1555 1614 1609 mot
1637 1547 1836 1627 defendenda
1857 1550 1970 1612 uernis:

153 1620 318 1688 P0l5⁰¹¹³⁸
339 1602 436 1667 '‘⁶²⁰¹'‘
463 1602 579 1685 “⁰⁸3⁰
598 1606 730 1682 ΜΝ»
751 1599 951 1664 mmm·
997 1600 1059 1662 ωε
1079 1595 1135 1660 ⁴¹⁶⁴
1241 1661 1246 1684 ι
1315 1633 1389 1694 Hoc
1410 1634 1617 1698 didraclunott
1639 1641 1710 1696 erat
1730 1638 1780 1696 r’ua
1801 1635 1922 1715 templt't

154 1684 259 1753 θῇῦὃθ
287 1689 394 1769 delmi
425 1692 501 1771 wlf
521 1689 576 1753 dle
603 1693 710 1767 dum·
762 1682 925 1786 Dmm
952 1685 1026 1749 Ml*
1046 1687 1136 1748 “me
1314 1717 1404 1800 Erpa
1425 1726 1494 1781 eret
1516 1722 1611 1780 ornus
1632 1720 1869 1798 defendendam.

154 1793 243 1841 mart
274 1780 333 1840 urit
358 1775 422 1839 dea
453 1785 700 1857 prrmogemtrs,
737 1772 791 1837 dte
825 1790 903 1836 crau
926 1771 983 1836 lmt
1004 1787 1135 1834 musaea

154 1862 322 1928 reddttim.
862 1933 866 1939 ¹
1272 1853 1561 1942 Maiorern'probo
1583 1878 1643 1942 per
1665 1854 1851 1942 exemplum
1873 1856 2161 1926 Maccahaeorum.
2225 1918 2230 1925 .

243 1950 320 2012 Diae
337 1952 382 2011 lat
399 1964 467 2011 tttttt
487 1947 548 2010 der
570 1962 671 2009 casus
690 1960 848 2024 oetaeum.
892 1937 987 2005 Deus
1010 1935 1135 2023 templo
1187 1938 1330 2006 Primum
1365 1943 1552 2027 respondeo
1586 1943 1628 2007 de
1660 1941 1938 2009 dissimilitudine:
1977 1944 2164 2011 Antiochus

155 2031 302 2097 attribuit
321 2030 410 2095 hanc
438 2034 639 2132 pensionem.
698 2026 839 2092 Rrrnmni
873 2025 1024 2091 viderunt
1056 2042 1135 2088 esse
1185 2048 1254 2092 non
1272 2038 1396 2093 tanturn
1421 2023 1558 2093 tollebat
1576 2030 1747 2112 pecuniam
1764 2028 1887 2114 templi,
1910 2029 2164 2113 sedadwvoptuv

156 2138 309 2206 oregnam
331 2136 518 2201 peeumam,
541 2121 592 2183 ula
608 2110 1136 2193 uemtoooodnrorespeceses,
1187 2110 1307 2179 cultus.
1330 2110 1528 2179 collocabat
1549 2115 1593 2180 ibi
1616 2127 1758 2180 statuam
1781 2114 1869 2181 loris
1895 2107 1992 2202 Olym
2017 2119 2038 2182 it
2061 2131 2094 2182 et
2117 2120 2163 2183 in·

155 2212 215 2270 tata
246 2210 319 2270 eine
351 2213 447 2269 tonna
475 2208 559 2284 pulta
588 2220 749 2283 peweaen.
804 2198 871 2264 Sed
906 2194 1010 2263 multo
1031 2197 1135 2260 maior
1186 2197 1370 2265 terliciebat
1399 2199 1612 2266 Sacerdotes.
1655 2199 1794 2266 Romani
1827 2199 1919 2351 ssAuum
1950 2223 1968 2266 c
2005 2215 2072 2268 tum
2094 2225 2161 2270 non

154 2285 215 2355 fuit
247 2287 421 2355 multitudo
454 2286 595 2354 florente
629 2283 822 2372 Republica
882 2281 950 2347 inm
983 2284 1017 2346 in
1047 2280 1134 2346 obsi·
1186 2280 1362 2352 tollebant:
1393 2286 1445 2357 ,sic
1466 2283 1562 2353 Deus
1594 2287 1766 2374 mitigavit,
1791 2299 1827 2352 ut
1878 2288 1987 2353 ourani
2009 2308 2071 2354 eos
2093 2300 2162 2354 tan·

155 2375 254 2439 dione
274 2386 443 2458 postrema
476 2368 748 2459 llierosulymoe,
780 2383 905 2474 quanta
932 2365 994 2433 fuit
1025 2364 1135 2432 adbuc
1185 2381 1253 2435 tum
1276 2383 1453 2458 gravarent
1474 2373 1507 2437 in
1530 2392 1568 2437 re
1589 2370 1768 2459 corporali,
1790 2394 1857 2438 non
1879 2374 1913 2437 in
1931 2369 2033 2439 cultu.
2069 2374 2162 2442 Deus

154 2456 330 2526 multitudo
351 2458 564 2525 ludaeorum!
608 2453 748 2523 Romani
770 2456 923 2521 unierunt
943 2452 1033 2518 illum
1056 2472 1135 2517 esse
1185 2457 1327 2522 subiecit
1354 2455 1447 2523 ilium
1468 2456 1624 2544 populum
1646 2460 1808 2538 servituti,
1830 2471 1939 2524 tumen
1961 2460 2012 2523 slc
2035 2461 2103 2526 miti
2148 2498 2161 2512 ·

24 2570 60 2627 ‘.
156 2538 402 2611 instrumentum
426 2545 629 2629 seditionum
644 2544 809 2628 inquietae
832 2541 934 2627 genti,
968 2558 1053 2627 quae
1074 2535 1135 2603 tuit
1185 2554 1253 2621 tae,
1276 2553 1311 2608 ut
1332 2541 1475 2691 populus
1497 2545 1654 2609 retineret
1675 2543 1849 2626 αὐτονομίαν
1869 2546 1902 2610 in
1915 2541 2068 2612 cultibus.
2092 2482 2163 2609 132:

154 2622 372 2716 usiadipodog,
394 2642 516 2715 etunon
538 2620 728 2717 δραστήριος.
771 2630 868 2694 Wentt
884 2647 961 2693 urae
982 2629 1036 2692 ein
1057 2626 1135 2707 (ἱέντα
1185 2631 1228 2690 ist
1250 2629 1292 2693 de
1314 2627 1458 2696 haiore:
1487 2630 1564 2691 Iura
1580 2630 1688 2712 tennala·
1708 2640 1778 2697 sunt
1802 2631 2018 2711 defendenda,
2041 2632 2072 2698 id
2096 2645 2161 2713 est,

149 2711 330 2801 iurttbnpt,
357 2719 425 2783 uad
443 2717 598 2783 mustiole
618 2713 831 2796 metantem,
858 2715 928 2779 und
954 2713 1135 2795 mulnet,
1208 2735 1271 2779 uae
1293 2726 1371 2779 sunt
1393 2716 1464 2780 iura
1486 2716 1658 2782 doctrinae
1679 2717 1953 2785 etinvocationis.
1975 2717 2067 2783 llaec
2083 2731 2162 2786 sunt

155 2806 219 2873 dat.
237 2794 590 2893 ἡνίτννννν,ὄρντστὸρνοηΙ
613 2822 713 2870 acres
746 2804 778 2867 in
807 2799 952 2887 egendo.
996 2799 1134 2876 ilontra,
1185 2736 1407 2879 defendenda,
1430 2802 1519 2887 quod
1532 2800 1568 2865 fit
1579 2804 1743 2882 docendo,
1789 2804 1933 2883 atiendo,
1955 2804 2158 2886 confitendo,

155 2910 249 2959 m„
270 2899 322 2955 em
343 2891 505 2975 ,117293011
519 2907 560 2959 ω
576 2888 679 2955 boden
696 2887 777 2973 pelta
833 2880 936 2950 multa
951 2894 1135 2961 moventur,
1184 2885 1250 2951 imo
1273 2886 1374 2951 armis
1403 2889 1499 2953 etiarn
1521 2889 1728 2965 resistend03
1751 2911 1781 2955 st
1803 2887 1955 2954 defensio
1977 2903 2031 2954 est
2051 2892 2161 2976 possi·

155 2977 346 3057 turbantur,
380 2970 640 3041 confunduntur:
674 2975 734 3039 sed
764 2973 796 3037 ni
822 2967 845 3034 il
886 2971 1015 3056 agitur,
1053 2964 1134 3033 nihil
1185 2968 1272 3035 hilis.
1317 2970 1513 3038 Maccabaei
1531 2972 1753 3041 defenderunt
1781 2976 1853 3041 iura
1883 2973 2011 3062 templi,
2032 2975 2162 3045 scilicet

154 3057 433 3146 perhorrueras
454 3063 531 3129 ebed
550 3057 752 3145 φνλοθόρνβον
773 3068 807 3122 et
823 3054 967 3148 ῥᾴθυμον.
1001 3053 1135 3129 Sosiam
1183 3058 1319 3142 propria
1342 3057 1529 3138 doctrinae,
1558 3073 1591 3125 et
1613 3057 1758 3125 cultuum
1779 3062 1953 3146 puritatem
1974 3062 2161 3130 immediate

154 3142 215 3227 “iit
231 3147 390 3215 mimam.
447 3145 613 3219 Quantum
632 3155 699 3215 ,est
726 3154 964 3210 venenatarum
992 3153 1026 3207 et
1048 3141 1133 3207 sedi·
1184 3163 1305 3228 praece
1328 3154 1394 3208 turn
1424 3165 1445 3209 a
1471 3140 1555 3210 Deo·
1600 3144 1731 3212 Deinde
1761 3148 1879 3212 armati
1907 3160 2004 3214 erant
2027 3146 2160 3216 Macca-

155 3233 314 3296 tiosarunr
337 3227 544 3318 linguarum!
588 3227 681 3297 Multi
704 3243 802 3311 sunt,
830 3229 884 3332 qui
907 3225 1133 3294 vociferantur
1185 3230 1259 3295 baei
1281 3166 1438 3297 felicitate
1460 3230 1624 3297 divinitus.
1670 3233 1829 3299 Neutrum
1857 3234 1900 3298 ad
1927 3254 1966 3298 se
1993 3232 2160 3322 applicare

155 3317 325 3398 seditiose,
357 3338 435 3385 esse
462 3318 683 3383 resistendum
707 3315 861 3397 Caesam
889 3316 993 3396 aeden
1017 3334 1134 3395 morte
1183 3327 1338 3401 poterant
1358 3318 1466 3383 ludaei
1484 3314 1549 3382 iliis
1567 3320 1746 3404 postremis
1768 3322 1983 3403 temporibus.

155 3398 292 3483 herken
310 3400 507 3486 senodum
527 3403 707 3469 seditiosos
722 3398 870 3477 libellos,
892 3403 1051 3482 satrapen
1073 3405 1136 3467 olel
1269 3399 1393 3468 Minor:
1416 3402 1505 3463 Haec
1521 3407 1660 3486 pecunia
1681 3412 1728 3467 est
1748 3408 1798 3466 ias
1819 3405 1935 3486 ternpli.
1979 3405 2030 3471 Ne
2097 3406 2160 3473 Mi·

155 3490 215 3556 mit
233 3491 307 3556 dem
328 3495 424 3569 moui,
446 3493 477 3555 in
499 3489 572 3555 suis
584 3489 764 3572 specubus.
797 3492 846 3554 let
865 3490 939 3551 atet
955 3506 1132 3569 pauperae,
1183 3505 1314 3553 norem:
1347 3489 1424 3574 quia
1456 3509 1523 3554 non
1552 3500 1605 3554 est
1632 3492 1767 3576 proprie
1788 3491 1839 3556 ius
1860 3489 1985 3575 templi.
2064 3493 2161 3561 einde

164 3577 254 3641 Writu
275 3576 340 3641 idm
362 3597 431 3643 was
451 3576 542 3653 than,
573 3578 671 3643 macta
687 3577 753 3657 din,
784 3573 917 3640 scaete
938 3574 1002 3636 tha.
1047 3570 1132 3637 Sunt
1183 3572 1299 3651 etiam,
1332 3575 1410 3659 quia
1431 3584 1503 3639 erat
1524 3576 1590 3640 iam
1612 3573 1688 3641 linis
1710 3575 1844 3662 politiae
1866 3578 1977 3642 istius:
2010 3579 2087 3639 dou
2108 3579 2160 3644 ihr

155 3680 259 3729 voees
279 3659 470 3742 muliebres,
499 3662 566 3728 irno
586 3660 709 3727 fatuae.
756 3657 818 3725 Est
847 3653 1078 3724 maledicentia
1098 3669 1134 3725 et
1183 3658 1236 3719 die
1269 3661 1361 3724 nervi
1383 3667 1531 3742 eutzopm
1552 3664 1630 3731 sein,
1660 3658 1719 3727 sutt
1750 3663 1880 3748 signum
1913 3663 1989 3729 finis
2011 3662 2158 3750 politiae.

155 3748 347 3834 inquietudo
382 3743 484 3813 fatua.
539 3750 586 3814 Ea
613 3755 658 3814 iat
687 3746 748 3812 trie
775 3743 1019 3828 Aristophanes
1049 3753 1133 3827 aaut,
1182 3743 1261 3811 ideo
1278 3743 1431 3811 homines
1452 3747 1640 3833 sapientes,
1669 3747 1851 3813 Zacharias
1879 3760 1912 3813 et
1935 3748 2069 3815 Simeon
2091 3752 2157 3817 dis·
2207 3754 2210 3761 '

47 3886 52 3894 .
155 3832 290 3919 πράττει,
313 3825 467 3916 βουλεύει,
496 3837 547 3897 nul
568 3834 605 3917 τῇ
625 3831 737 3917 γλώττῃ
758 3834 920 3912 πολεμίζει.
976 3832 1056 3897 Alto
1072 3837 1133 3896 ists
1182 3843 1361 3897 suasemnt
1381 3852 1484 3899 arma.
1528 3834 1602 3900 Vos
1635 3833 1791 3921 allegatis
1820 3832 2004 3921 exemplum
2025 3834 2158 3905 Macca-

150 3939 300 4001 praesen
321 3921 384 3986 doe
400 3919 600 4001 odmtrechtm
616 3922 705 3986 coleh
726 3914 782 3982 illo
805 3931 963 4003 tempore.
1183 3920 1360 3982 baeornm:
1393 3918 1460 3985 hoc
1491 3941 1558 3985 non
1592 3933 1643 3986 est
1679 3918 1797 3985 simile.
1842 3920 2028 3988 Antiochus
2055 3920 2161 3992 voluit

243 4004 405 4070 Viderunt
428 4002 577 4090 exempla
598 4004 743 4075 Petrum,
766 4002 888 4082 David,
910 4001 1078 4086 iosaphat,
1098 4015 1133 4068 et
1182 3999 1298 4070 delere
1327 4001 1463 4072 cultum:
1497 4005 1638 4073 Romani
1672 4027 1738 4072 non
1772 4003 1886 4071 delent
1918 4002 2054 4074 cultum.
2100 4008 2160 4076 Se·

156 4088 311 4171 aliorum,
339 4091 395 4178 qui
414 4103 601 4177 ,gesserunt
630 4087 719 4155 bella
740 4093 943 4156 necessaria.
988 4089 1052 4173 ipsi
1074 4110 1132 4154 vo·
1182 4091 1293 4155 cundo
1321 4088 1516 4158 Maccabaei
1549 4095 1699 4158 sciebant
1733 4093 1879 4158 nondum
1907 4094 2030 4159 adesse
2059 4092 2159 4163 finem

155 4174 287 4242 luerunt
311 4198 391 4242 esse
412 4175 531 4242 horum
553 4173 696 4241 similes·
734 4174 873 4249 Quoties
895 4195 935 4240 se
957 4188 1132 4241 moverunt
1181 4174 1331 4261 politiae:
1353 4179 1417 4243 iarn
1439 4191 1491 4244 est
1512 4177 1599 4244 iinis.
1622 4179 1714 4259 item,
1741 4178 1811 4240 Wr'r
1827 4179 1901 4239 sind
1922 4180 1976 4244 die
1997 4178 2160 4246 leutnr'cht
2280 4220 2296 4235 -

158 4276 275 4329 contra
307 4259 492 4329 Romanum
525 4261 715 4348 lmperium!
745 4264 806 4328 sed
838 4260 973 4328 fnrstra.
1023 4260 1131 4327 litium
1181 4262 1336 4341 tiemari,
1356 4286 1424 4331 non
1446 4266 1529 4330 satis
1551 4276 1604 4331 ast
1626 4265 1806 4331 seditiosus
1825 4284 1927 4331 voees
1943 4267 2044 4332 edere
2056 4281 2090 4332 et
2101 4265 2168 4351 lin·‚

157 4363 234 4431 post
246 4351 386 4415 dirutam
402 4347 559 4433 politiam,
571 4361 681 4413 tamen
694 4346 828 4415 fuerunt
844 4347 1002 4413 seditiosi.
1032 4346 1149 4426 Werfi.
1183 4371 1251 4437 gua
1272 4347 1473 4438 belligerari.
1960 4414 1963 4419 .

152 4436 209 4514 sen
230 4438 319 4498 τὶτιτντ
341 4437 421 4518 norff,
450 4435 510 4497 den
538 4438 584 4496 τίν
609 4433 729 4498 tetum
751 4432 908 4514 Stellam,
936 4435 1065 4518 deque
1088 4435 1131 4499 dl·
1269 4434 1329 4499 Est
1357 4456 1474 4502 recens
1507 4438 1615 4503 editus
1642 4434 1788 4503 libellus.
1832 4437 1909 4499 Man
1930 4437 1994 4499 soll
2011 4438 2159 4523 sedlupcn

158 4531 247 4586 cium
265 4534 373 4587 esset:
393 4521 520 4584 Οήείνντ
540 4519 634 4582 stella
655 4540 698 4580 ex
718 4519 828 4588 Jacob.
851 4517 912 4585 llis
929 4533 1006 4586 sunt
1022 4521 1130 4607 imago
1183 4522 1243 4583 dea
1269 4521 1407 4584 Teredon
1428 4524 1494 4585 und
1515 4522 1644 4608 Kayser.
1696 4523 2055 4598 {torrentiorem
2071 4528 2160 4592 nicht

159 4608 262 4671 nostri
286 4620 349 4671 tem
374 4609 464 4673 oris:
496 4608 584 4672 siout
615 4606 775 4671 historica
802 4609 835 4671 in
856 4604 1065 4694 'lhucydide‚
1097 4619 1132 4672 et
1183 4608 1266 4674 rnehr
1288 4612 1331 4670 ist
1352 4609 1434 4670 ἀννιντ
1456 4610 1563 4676 tubal
1584 4613 1658 4675 sttzt
1679 4612 1713 4670 tn
1735 4612 1830 4672 ciuem
1843 4608 1977 4698 ungulo,
1994 4612 2063 4676 edit
2074 4611 2159 4680 olas·

155 4691 336 4772 Ἑλληνικοῖς
389 4691 587 4779 onophontls
619 4703 699 4757 sunt
718 4693 829 4779 imago
859 4693 978 4760 horum
1007 4703 1132 4776 tempo-
1184 4698 1289 4759 sicum
1310 4696 1494 4780 seditionis,
1528 4709 1562 4762 et
1590 4698 1658 4783 ugit
1684 4698 1757 4761 sinc
1779 4707 1953 4783 potestate.
1997 4696 2102 4763 Etiam
2123 4699 2157 4765 in
2269 4720 2272 4725 ’

158 4800 242 4843 rum.
292 4776 362 4842 tra
389 4780 442 4842 τινα
471 4778 592 4845 Graeci
626 4799 667 4844 ex
695 4777 872 4845 levissimis
900 4780 1031 4846 caussis
1064 4781 1132 4841 eine
1183 4775 1273 4845 bello
1297 4779 1496 4849 Germanico
1518 4783 1649 4868 quidam
1672 4784 1792 4849 edebat
1812 4778 1942 4866 librum,
1964 4781 2160 4868 quodChrl·

157 4863 245 4928 Stare
266 4864 347 4930 noch
368 4865 426 4927 der
448 4866 546 4927 trader
566 4865 758 4948 delrieptem
783 4865 924 4930 meodian
941 4866 1038 4946 tried,
1059 4865 1134 4928 uber
1183 4866 1283 4931 stiani
1306 4887 1370 4932 non
1393 4870 1552 4934 deberent
1576 4866 1665 4933 ierre
1686 4870 1804 4952 impius
1826 4867 2054 4956 Magistratus.
2098 4871 2167 4949 tstt,

159 4953 210 5010 ein
231 4950 305 5015 halb
327 4949 399 5014 toln
415 4951 506 5032 fielen
525 4954 571 5013 εἰν
593 4953 708 5014 wieder
730 4956 762 5013 in
780 4953 940 5026 einander,
963 4952 1013 5018 dia
1030 4971 1064 5012 es
1084 4974 1132 5014 τν-
1183 4973 1298 5017 omnes
1321 4967 1400 5020 sunt
1428 4953 1578 5021 homines
1606 4956 1769 5020 seditiosi=
1798 4952 1914 5021 volunt
1944 4975 2022 5021 esso
2049 4956 2156 5025 fortes

158 5035 230 5097 letzt
249 5058 312 5121 pur
333 5037 402 5117 mrff
415 5040 503 5099 dnm
523 5036 645 5119 bcuffar
661 5039 723 5120 phi.
769 5037 856 5105 idem
884 5039 1015 5106 accidet
1036 5039 1132 5103 mise·
1183 5036 1461 5127 alicnopericulo.
1489 5040 1559 5105 Wt'r
1575 5040 1867 5122 rollenuttslralten,
1885 5043 1942 5102 wie
1961 5039 2155 5125 Zacharias,

158 5144 215 5189 rae
237 5137 270 5192 ct
293 5122 440 5191 afflictae
463 5123 672 5194 Germaniae.
699 5125 746 5189 So
765 5129 844 5209 einp
860 5145 894 5187 er
914 5127 948 5191 in
969 5122 1132 5213 Unguria,
1182 5125 1329 5207 Simeon,
1348 5128 1457 5208 Anus,
1478 5126 1597 5207 Maria,
1610 5126 1819 5214 tempnunt
1829 5127 2157 5211 codereprateieatlein

1898 5247 1952 5301 tt·
