4620 5588
135 192 194 262 ‘st
516 213 522 220 ·
787 193 900 262 Ptin.
924 191 1528 263 transmontanorum.
1579 187 1582 191 ’
2121 199 2168 270 ἃ

150 400 334 470 summae
364 382 557 489 credebant
604 379 771 488 diluebant
792 380 958 487 heminam
978 383 1064 448 mori
1084 383 1133 448 in·
1183 383 1232 449 vit
1252 382 1317 451 sibi
1344 380 1521 488 Ecclesiae
1541 379 1712 472 reliquia,
1735 382 1944 491 Zaebpnam,
1964 385 2169 474 Simeonem,

151 465 1132 642 motilitt‘tsiatitttttttatt‘ttt:
1183 466 2170 644 ¹⁰tttl’0llt‘lttiuib‘bluii‘ttt‘tilltm

151 644 214 709 bus
234 639 355 730 legem.
398 642 575 729 Negabant
598 642 696 708 adam
718 660 837 709 uses
862 641 957 707 '‘tus
978 642 1052 707 sive
1072 641 1132 707 bo·
1211 639 1387 707 harieaeos
1421 638 1675 710 commoneisoti
1706 641 1861 725 fuerunt,
1897 653 1935 713 ut
1966 658 2168 733 quaererent

149 747 227 808 nos,
247 730 326 795 sive
341 725 460 796 malos.
503 728 542 794 ln
561 747 691 794 summa
711 738 806 795 eraut
854 727 1014 813 picuraei,
1041 738 1075 793 et
1096 725 1133 792 iu
1183 727 1369 796 doctrinam
1390 729 1433 794 de
1453 726 1591 795 Massia.

148 814 341 883 universum
374 811 537 881 tollebant
563 814 732 901 proprium
760 811 907 881 officium
928 811 1077 880 Messias
1096 812 1132 878 in
1268 809 1341 880 'lali
1363 833 1383 880 e
1468 826 1629 900 tempore,
1652 816 1728 882 cum
1749 813 1836 881 tales
1857 828 1975 883 essent
1994 818 2166 902 tenebrae,

149 897 299 966 tollenda
320 912 446 980 morte,
478 911 638 988 peccato,
662 911 697 965 et
717 899 926 966 restituenda
954 899 1077 968 iustitia
1099 908 1133 964 et
1182 896 1259 966 talis
1282 895 1448 980 conlusio,
1479 901 1604 967 missus
1628 912 1681 967 est
1708 900 1888 981 lohannes,
1919 913 1957 968 ut
1989 904 2083 971 esset
2112 925 2167 972 re·

151 986 217 1051 vita
260 997 408 1072 erpetua.
1180 995 1344 1074 purgator
1382 987 1563 1053 doctrinae.
1629 986 1722 1054 llaec
1760 988 1983 1054 consideratio
2023 989 2165 1059 circum·

234 1009 353 1137 lasset
385 1074 557 1150 dicuntur,
596 1073 639 1137 ab
672 1071 862 1155 operando,
894 1071 994 1156 quasi
1026 1069 1132 1152 dicas,
1181 1073 1324 1139 stantiae
1345 1072 1517 1158 temporis,
1538 1071 1684 1140 illustrat
1704 1071 1776 1154 illa,
1793 1095 1881 1160 quae
1898 1086 1998 1140 autea
2019 1075 2099 1154 dixi,
2121 1077 2166 1147 de

148 1165 312 1239 operortt:
353 1160 443 1244 quia,
480 1177 555 1223 cum
586 1157 740 1223 viderent
771 1156 975 1223 Pharisaeos
1008 1167 1042 1223 et
1073 1160 1132 1223 Sa·
1180 1158 1329 1226 mirando
1351 1156 1416 1224 Dei
1438 1177 1552 1244 opere,
1573 1159 1714 1226 subinde
1734 1161 1948 1247 repurganda
1958 1159 2162 1231 Ecclesiam:

148 1243 294 1310 ducaeos
314 1256 445 1310 certare
467 1244 554 1309 inter
575 1262 613 1308 se
635 1243 732 1322 odiis,
753 1253 787 1309 at
807 1239 904 1308 malis
926 1242 1067 1321 artibus,
1096 1255 1130 1307 et
1179 1243 1223 1314 Et
1244 1243 1347 1311 multa
1367 1256 1480 1311 monet
1502 1246 1544 1312 de
1554 1243 1722 1325 Ecclesia,
1743 1244 1852 1332 qualis
1873 1248 1917 1311 sit
1937 1247 1971 1312 in
1992 1245 2059 1314 hac
2080 1250 2163 1332 vita,

148 1341 257 1397 tarrren
284 1330 432 1396 tribuere
461 1330 525 1394 sibi
558 1330 692 1396 nomina
720 1326 976 1409 honestissima,
1008 1328 1129 1415 quibus
1179 1329 1334 1397 videlicet
1356 1341 1473 1398 coetus
1495 1333 1647 1420 exiguus,
1670 1332 1700 1397 si
1721 1328 1914 1399 conferatur
1934 1333 1979 1398 ad
1999 1331 2062 1400 rell

147 1434 215 1481 non
235 1416 476 1501 responderent
497 1416 636 1501 reipsa:
657 1414 722 1500 ipsi
739 1412 918 1480 voluerunt
938 1414 1129 1494 ostendere,
1179 1413 1416 1484 multitudinem
1437 1418 1644 1504 prophanam
1666 1429 1700 1484 et
1720 1418 1869 1505 impiam
1890 1437 1994 1505 quae,
2016 1355 2164 1489 etelsibi

21 1571 22 1574 Ἴ
147 1519 188 1567 se
208 1498 295 1566 velle
317 1520 395 1567 esse
416 1503 608 1587 operarios,
630 1497 810 1567 dissimiles
831 1496 899 1565 illis
920 1496 1072 1566 factiosis
1095 1511 1130 1566 et
1179 1514 1316 1590 arrogat
1336 1523 1457 1571 nomen
1474 1500 1659 1586 Ecclesiae,
1681 1516 1790 1570 tamen
1835 1507 1889 1572 uia
1910 1502 2059 1574 defendit
2070 1505 2164 1575 idola

90 1600 94 1607 '
146 1588 381 1675 arrogantibus
392 1586 586 1653 Pharisaeis
608 1585 872 1653 etSadducaeis.
902 1581 1129 1652 conferebant
1179 1600 1214 1656 et
1235 1608 1382 1669 errores,
1403 1610 1472 1657 non
1493 1601 1573 1659 sunt
1593 1610 1675 1658 vera
1695 1587 1816 1658 Eccles
1849 1643 1857 1658 .

146 1673 246 1761 igitur
276 1693 334 1738 res
367 1693 450 1739 suas
487 1673 521 1738 in
554 1690 743 1746 commune;
780 1672 961 1759 studebant
992 1673 1128 1739 vincere

148 1770 302 1826 caeteros
323 1759 452 1825 ieiuniis
474 1771 507 1824 et
527 1755 760 1846 eleemosynis
804 1756 910 1833 lirant
930 1757 1031 1824 vicini
1051 1756 1128 1822 bor-

146 1846 187 1910 tis
220 1842 387 1922 Balsami;
419 1846 595 1924 serebant,
628 1842 841 1931 plantabant,
873 1842 1129 1910 benefaciebant
1399 1904 1407 1923 ,
1717 1906 1727 1923 ,

145 1928 274 2008 multis;
294 1933 387 1996 ibant
407 1930 440 1995 in
463 1933 573 1997 vicina
594 1928 733 2018 oppida,
760 1930 963 1996 exercebant
983 1929 1127 1995 medica-
1232 1902 1477 1989 Doctrina
1517 1903 1757 1990 Iohannis
1787 1933 1913 2017 quae
1943 1904 2113 1992 suerii·

96 2082 102 2103 ‚
144 2017 277 2094 tionem,
300 2016 470 2082 habebant
489 2036 572 2083 suos
595 2027 794 2095 conventus,
817 2027 851 2082 et
866 2026 1017 2102 tempora
1033 2026 1128 2083 certa

143 2105 381 2186 precationum.

229 2189 294 2255 Sed
315 2188 492 2274 pauciores
513 2185 648 2255 buerant
668 2187 746 2254 huic
768 2200 884 2255 sectae
904 2186 1040 2265 addicti,
1061 2205 1127 2254 nec
1175 2222 1255 2289 flori
1263 2134 1445 2204 vldmm
1466 2138 1567 2225 lglml
1589 2139 1774 2206 ⁶⁰⁰¹¹l⁰⁸¹¹¹
1795 2135 1971 2226 ¹⁰l¹⁸¹¹¹¹l⁸i
1997 2140 2055 2226 ‘lul
2090 2136 2159 2210 ⁰¹⁸⁶

142 2275 344 2358 appetebant
375 2273 411 2339 lri
444 2273 736 2360 gubernationem,
769 2274 856 2339 sicut
888 2272 1061 2340 Pharisaei
1092 2283 1127 2338 et
1175 2319 1253 2376 me
1283 2224 1552 2397 frepssh‘lffiffi
1584 2224 1937 2391 ffiffiltfffiffi’
1951 2227 2159 2381 offffiaflffi
2241 2366 2245 2372 ἡ

140 2360 421 2532 atterius
440 2358 1128 2530 tetsbtrttrmsluitetrt
1335 2391 1526 2484 cuono
1688 2393 1885 2464 acm

140 2543 280 2618 partem,
312 2535 411 2599 modo
443 2532 489 2598 ad
519 2528 625 2597 illam·
665 2531 749 2598 inde
780 2543 876 2596 ortae
897 2543 976 2598 suut
996 2528 1126 2597 dissen-

140 2620 254 2686 siones
276 2615 443 2704 publicae,
472 2629 505 2684 et
534 2614 634 2684 balla.
678 2617 880 2721 Pugnabant
907 2617 949 2683 de
975 2618 1126 2700 potentia

251 2699 905 2792 u
922 2703 971 2853 a
1390 2723 1501 2830 <ud
1532 2726 1672 2814 doen
1701 2726 1927 2817 101121111022

139 2879 285 2960 serpens
311 2879 378 2943 nist
400 2878 529 2943 dumo
553 2883 752 2958 repentem,
779 2893 845 2940 noa
863 2877 904 2955 lit
921 2876 1041 2940 Droso-
1085 2871 1123 2940 Si

138 2961 214 3048 quis
237 2960 309 3028 vult
329 2962 403 3028 lieri
419 2979 573 3049 magnus,
595 2971 631 3028 et
650 2960 765 3028 metuit
785 2960 851 3025 sibi
871 2961 915 3026 ab
938 2957 1025 3039 aliis,
1046 2979 1122 3025 euru
1259 2959 1378 3027 Sonuit
1397 2959 1537 3027 eandem
1559 2960 1755 3040 doctrinam,
1777 2981 1877 3047 quam
1897 2980 1998 3040 nunc,
2018 2959 2083 3029 Dei
2099 2962 2145 3031 be
2169 3036 2173 3043 ,
2199 2979 2201 2982 ’

138 3046 583 3199 οροτὲεῑωιιῐῑίειὲἧὲοῑὲοἰε
603 3047 668 3200 132,
691 3046 736 3112 ad
753 3046 997 3200 {mpeil’iendtSQ
1019 3043 1123 3198 rllmt
1172 3044 1306 3126 neficio,
1328 3047 1448 3151 auditis
1480 3044 1515 3111 in
1544 3045 1670 3197 nosrttrit
1698 3044 1873 3113 Ecclesiis.
1912 3045 2157 3202 t{narravitiss-

138 3153 408 3286 litaturi„
450 3155 517 3288 ul
535 3152 621 3287 iia
648 3150 829 3286 baali,
849 3152 1121 3304 tillim,
1173 3133 1924 3324 iiii„&liuliiitiiuiniiii'plfflii
1944 3153 2159 3289 „istit

137 3309 202 3373 etit
255 3308 303 3373 sir
329 3313 471 3391 meros.
515 3305 552 3371 ld
583 3317 647 3387 est,
682 3306 844 3373 Oratores
876 3325 946 3372 non
977 3313 1122 3392 parcunt
1171 3304 1321 3391 praecipi
1342 3315 1512 3370 externam
1535 3301 1756 3391 disciplinam,
1776 3317 1864 3372 sicut
1875 3306 2047 3373 Pharisaei
2068 3326 2158 3374 sont·

138 3390 212 3456 aliis
258 3393 439 3472 ominibus,
473 3403 507 3458 et
534 3410 574 3458 se
605 3403 720 3458 mutuo
753 3401 916 3457 evertam.
960 3391 1052 3456 ldern
1084 3388 1122 3453 fit
1171 3391 1327 3468 niabant,
1354 3390 1417 3454 sed
1438 3389 1587 3454 damnari
1609 3401 1785 3475 peccatum
1806 3391 1840 3456 iu
1862 3403 1935 3457 tota
1954 3404 2075 3457 natura
2096 3391 2157 3462 bu·

137 3479 223 3544 inter
256 3480 438 3558 doctores,
470 3478 604 3564 quando
637 3489 716 3543 sunt
747 3477 901 3543 distracti
929 3477 963 3541 in
996 3487 1121 3541 sectas.
1172 3495 1280 3542 mana.
1324 3474 1510 3542 Accusavit
1541 3494 1624 3562 ergo
1656 3495 1785 3555 omnes,
1818 3477 1917 3542 etiam
1943 3476 2158 3559 Pharisaeos,

138 3566 183 3629 At
205 3584 250 3630 ue
275 3566 405 3631 utinam
432 3565 532 3631 hodie
560 3582 628 3629 non
656 3582 871 3630 cerneremus
906 3560 1060 3650 exempla
1086 3561 1121 3626 in
1172 3562 1228 3650 qui
1259 3559 1420 3627 volebant
1451 3560 1557 3626 videri
1587 3559 1748 3648 religiosi.
1809 3562 1892 3628 ltem
1924 3563 2157 3644 Sadducaeos,

138 3672 170 3717 m
206 3651 249 3716 tis
272 3649 583 3718 concionatoribus!
1196 3647 1228 3713 ui
1250 3647 1489 3732 superbiebant
1518 3643 1613 3713 titulo
1644 3647 1804 3714 iustitiae:
1837 3649 1913 3714 ideo
1935 3669 2012 3714 cum
2033 3646 2159 3716 multos

225 3735 362 3803 Praeter
389 3737 452 3814 bas
480 3748 614 3814 sectas,
638 3745 734 3801 eram
753 3731 879 3800 multae
900 3730 986 3800 allae
1007 3744 1123 3800 sectae
1171 3669 1444 3809 lharisaeorom,
1462 3745 1497 3798 et
1529 3732 1817 3800 Sadducaeorum·
1831 3735 1877 3800 ad
1909 3753 1949 3800 se
1981 3736 2158 3803 venientes

138 3825 171 3887 in
192 3823 259 3903 isto
281 3823 426 3910 populo,
455 3841 541 3909 quas
566 3840 655 3888 nunc
676 3841 744 3886 non
765 3839 934 3886 enumero.
976 3816 1121 3905 Epipha·
1171 3820 1273 3899 videt,
1293 3819 1347 3885 his
1370 3819 1484 3885 verbis
1506 3839 1568 3885 eos
1591 3830 1731 3886 accusat
1751 3819 1833 3888 Luc.
1857 3820 1888 3886 3.
1912 3823 2092 3904 Propealoe
2111 3827 2159 3888 oi·

138 3909 211 3975 nius
233 3927 293 3973 aas
320 3922 487 3975 recenset.
527 3905 622 3975 iilulti
645 3918 756 3972 autem
778 3916 872 3971 erant
892 3903 992 3992 plane
1014 3903 1121 3980 desua
1166 3922 1334 3992 peronem,
1367 3911 1440 3988 poe
1461 3909 1604 3972 ostendit
1621 3903 1845 3988 oobbtupore
1869 3915 2050 3973 comborn
2082 3905 2159 3974 troi

138 3997 393 4061 contemnebant
415 4015 546 4062 omnem
569 3991 763 4080 religionem
784 3990 962 4058 Iudaicam.
1007 3989 1122 4077 Aliqui
1172 3994 1283 4059 Facite
1303 4010 1381 4076 erpo
1399 3996 1533 4073 fmrctur
1552 3995 1668 4073 dmnos
1685 3999 1911 4077 poenitentiae.
1955 3994 2000 4059 Et
2019 4012 2061 4059 ne
2080 3995 2157 4060 ceti·

24 4119 28 4123 -
137 4079 346 4146 fluctuabant
367 4083 452 4148 inter
473 4093 524 4147 tot
540 4080 797 4165 disputationes,
818 4076 965 4157 sicutiit‚
987 4078 1120 4161 quando
1171 4085 1215 4146 tir
1235 4081 1346 4144 dicem
1364 4077 1454 4143 intro
1474 4096 1531 4143 cor
1551 4084 1656 4160 ipsos:
1688 4080 1818 4144 Putrem
1832 4081 1985 4145 tuimur
1994 4081 2158 4146 Abrobdm

137 4176 252 4232 sectae
272 4168 440 4244 oriuntur,
471 4177 529 4232 aut
552 4165 781 4231 dissensiones
803 4165 968 4230 exsistunt
989 4163 1032 4228 de
1063 4164 1122 4228 do·
1171 4172 1230 4232 ete.
1243 4186 1250 4191 ·
1265 4164 1324 4228 Sic
1345 4163 1489 4228 caeteris
1510 4163 1664 4228 omnibus
1688 4164 1787 4229 dixit:
1813 4166 2157 4248 Apeepoeaeteuaana

137 4253 261 4317 ctrina:
282 4252 328 4318 ibi
350 4273 421 4319 sem
445 4272 484 4318 er
499 4263 590 4332 sunt,
621 4251 679 4338 qui
701 4247 757 4316 vel
778 4270 910 4316 omnem
937 4250 1122 4318 doctrinam
1170 4250 1308 4316 Addidit
1338 4250 1445 4315 mittas
1478 4248 1521 4313 de
1551 4248 1689 4334 poenis,
1721 4269 1808 4335 quae
1840 4264 1919 4317 sunt
1951 4251 2157 4336 appendices

139 4347 365 4419 contemnunt,
386 4274 444 4404 vel
463 4348 542 4403 sunt
562 4335 742 4403 neumales.
1171 4333 1269 4424 legis.
1312 4339 1383 4402 Iam
1409 4335 1535 4401 ream‘s
1562 4338 1609 4402 od
1627 4338 1769 4402 radicem
1789 4339 1940 4404 arbonen
1958 4344 2068 4419 pona
2088 4346 2157 4406 eet:

68 4491 87 4510 ἱ
126 4472 130 4479 ,
223 4421 350 4512 Magna
394 4426 492 4490 etiam
536 4423 669 4489 miseria
716 4419 779 4488 fuit
815 4417 906 4488 illius
943 4422 1123 4507 temporis;
1176 4424 1288 4490 omna
1307 4441 1385 4504 erpo
1404 4423 1520 4502 ardor,
1550 4440 1634 4504 pune
1661 4441 1726 4488 aon
1748 4419 1835 4504 tacit
1862 4428 2009 4505 fratrum
2030 4425 2157 4506 man,

138 4510 271 4596 qnando
310 4521 449 4596 propter
486 4511 667 4575 certamina
705 4508 890 4593 principum
925 4508 1122 4589 domestica,
1170 4512 1353 4588 recidetur,
1375 4513 1408 4587 et
1429 4512 1464 4572 in
1484 4508 1591 4589 &nem
1611 4513 1769 4574 cumba.

138 4598 268 4662 attracti
289 4592 425 4663 fueram
434 4594 588 4675 Romani,
610 4606 644 4659 et
653 4593 807 4661 Herodes
829 4592 992 4660 beneficio
1006 4615 1122 4660 eorum
1257 4593 1382 4660 Herodi
1405 4592 1496 4658 dicit:
1531 4595 1604 4660 Non
1629 4595 1707 4662 licet
1729 4593 1789 4661 ttbt
1808 4613 1947 4662 acorem
1963 4590 2088 4675 fratris
2108 4602 2160 4662 teti

140 4694 340 4749 consecutus
373 4695 427 4748 est
456 4702 606 4769 regnum.
651 4679 715 4745 llic
746 4680 832 4745 inter
864 4691 999 4746 caetera
1028 4677 1121 4745 iacta
1169 4679 1301 4747 babere·
1735 4722 1741 4731 -

139 4765 309 4848 crudelia,
342 4766 512 4835 deleverat
543 4767 756 4852 praecipuum
789 4762 964 4832 consilium
995 4762 1122 4852 populi,
1256 4763 1406 4843 Deinde,
1427 4764 1505 4849 quia
1526 4783 1594 4829 nou
1616 4764 1699 4829 satis
1721 4775 1774 4829 est
1795 4765 1947 4851 cogitare
1967 4764 2157 4851 doctrinan

139 4855 229 4941 qood
250 4856 445 4936 vocabatur,
468 4856 662 4922 Scubedrtn.
1170 4853 1213 4919 da
1233 4851 1434 4937 poenitentia
1456 4849 1530 4916 sine
1546 4847 1730 4935 Evangelio
1753 4851 1796 4914 de
1816 4851 2012 4917 randssione
2033 4870 2156 4937 pews·

225 4939 293 5005 Sed
304 4961 502 5027 quamquam
519 4959 642 5027 magna
663 4947 734 5004 erat
751 4937 941 5090 omniorum
957 4935 1122 5019 confusio,
1170 4950 1280 5004 torum
1308 4944 1400 5016 (nam
1421 4937 1625 5020 poenitentia
1650 4937 1723 5001 sine
1745 4933 1975 5026 consolatione
1996 4936 2157 5004 irascitur

139 5038 173 5090 et
204 5028 347 5092 maxima
378 5023 553 5094 multitudo
584 5036 658 5092 erat
684 5044 769 5112 prop
813 5044 874 5108 na,
908 5036 943 5089 at
968 5024 1122 5091 Herodes
1169 5022 1258 5104 Deo,
1289 5035 1324 5102 et
1355 5019 1440 5110 sugit
1469 5019 1596 5108 Deum)
1628 5018 1814 5088 clarissime
1844 5023 1959 5090 docuit
1985 5021 2157 5090 lohannes
2190 5031 2193 5038 '

84 5144 91 5153 ·
139 5113 360 5198 grassabatur
380 5115 527 5182 assiduis
550 5112 726 5190 caedibus,
758 5120 871 5179 nmen
888 5108 984 5178 Deus
1006 5131 1122 5178 sama·
1169 5105 1410 5200 Euangeliou,
1452 5116 1638 5176 monstras
1671 5104 1819 5188 christo,
1856 5109 1901 5175 de
1932 5127 1999 5195 quo
2032 5109 2156 5196 inquitr
