4620 5588
140 173 209 247 om
323 248 327 253 ,
782 146 1557 239 rammasoauraaxuoancu'
2101 166 2175 240 aro

228 363 281 432 lll.
326 364 490 433 Doctrina
512 375 588 445 est,
621 362 711 451 quod
733 359 829 428 Deus
858 361 1041 448 prospiciat
1063 359 1129 427 llo·
1180 360 1333 428 remonia
1354 371 1407 428 ast
1428 360 1587 427 divinitus
1608 360 1770 442 instituta,
1781 362 1862 448 quia
1881 363 1956 448 ipsa
1976 359 2077 430 habat
2088 384 2133 449 pr

141 450 278 534 elesiae,
296 451 355 518 dat
376 452 407 519 ei
428 451 582 519 uiaticum
605 461 669 517 eto.
693 447 787 531 [hoec
798 454 939 512 ateana
955 446 1084 512 taccu.
1098 451 1127 512 2.
1179 447 1359 514 missiones
1380 469 1402 513 a
1422 446 1511 527 Deo,
1533 447 1598 509 md
1628 468 1662 510 ea
1693 447 1750 510 lot
1777 451 1830 511 eia
1848 382 2173 543 ιειιιευιωφᾶ
2271 466 2282 475 ·

80 594 86 603 .
141 558 205 604 aaa
227 540 395 623 lapsanium]
1178 533 1304 616 poholt,
1326 534 1371 598 aa
1393 532 1548 600 Christus
1570 555 1628 596 cor
1648 534 1844 617 dumea
1863 536 2049 607 nemrod
2068 536 2171 621 pehti

1179 619 1323 682 dmnach
1340 643 1376 684 ru
1389 620 1541 693 Iohanne,
1562 618 1707 695 uallari
1727 622 1797 688 etot
1818 624 1945 706 tardat,
1965 623 2030 687 und
2050 618 2170 687 odeat

1178 727 1238 768 con
1260 707 1319 769 der
1340 698 1594 775 cirmamoist'an

109 850 123 860 ·
141 813 365 883 DCilelCA
403 811 519 882 POST
554 809 733 879 FESTUM
765 808 1126 879 cmcuMctslonis
1159 816 1164 826 ’

547 914 716 985 ΒΟΜῙΝῙ·
797 988 800 993 -
1111 1046 1113 1051 p
1178 936 1336 1024 Suntne
1376 951 1630 1024 sacramenta
1667 951 1831 1025 tantum
1864 906 1983 1053 signa
2019 941 2173 1025 distin-

194 1042 199 1059 “
319 1103 323 1121 s
373 1046 436 1122 DE
454 1053 682 1122 barrisno
705 1052 888 1122 cufflsrt
1459 1060 1604 1144 ,tionis
1634 1061 1874 1147 hominum?

303 1177 409 1256 (⁰⁰¹¹f'
443 1173 522 1244 νώ·
555 1176 676 1245 mv·
709 1199 743 1264 p·
776 1176 841 1243 23⁴
873 1181 964 1265 ΜΝ)
1264 1182 1480 1312 Respohneo.
1525 1225 1618 1303 Nom
1640 1229 1703 1294 sed
1735 1229 1835 1294 stiam
1862 1238 2062 1315 etagamus
2087 1245 2174 1297 cun

228 1314 424 1398 Epiphanio,
446 1314 480 1382 id
502 1328 605 1397 cst,a
631 1316 774 1402 paritio,
804 1317 840 1380 in
864 1335 991 1403 genere
1010 1313 1126 1382 foemi-
1178 1312 1273 1390 Deo;
1294 1313 1373 1380 itam
1393 1325 1431 1378 ut
1460 1313 1608 1381 sciamus
1642 1314 1708 1380 ista
1739 1332 1819 1382 essa
1851 1316 1949 1402 sigua
1982 1310 2172 1381 voluntatis

137 1405 239 1483 bino,
260 1405 312 1464 eia
333 1403 547 1486 mcbctrrucp.
620 1403 782 1487 piploaia
814 1402 948 1488 quando
978 1414 1032 1468 est
1064 1422 1125 1466 no·
1178 1400 1243 1466 Dei
1259 1421 1343 1489 erga
1364 1419 1452 1481 nos,
1471 1411 1604 1550 ¹postea
1636 1403 1716 1488 quia
1737 1413 1871 1487 oportet
1890 1411 1971 1468 essa
1991 1401 2093 1488 signs
2115 1401 2172 1467 di·

141 1508 217 1558 men
235 1487 334 1570 festi,
368 1502 448 1556 tuno
469 1501 522 1555 est
543 1493 671 1556 numeri
693 1486 845 1575 pluralis,
862 1501 896 1554 et
916 1488 1005 1554 idem
1026 1490 1125 1576 signi·
1178 1487 1382 1574 stinguentia
1404 1505 1469 1553 oon

140 1576 231 1656 ficet.
290 1576 336 1638 Im
370 1576 527 1639 calearia
559 1577 658 1641 stelas
693 1576 843 1639 Oterstea
879 1578 940 1654 [εἰσ
973 1575 1056 1640 Cod.
1077 1581 1125 1647 1.‚·
1179 1575 1269 1641 nitus
1291 1585 1445 1652 vocatus,
1468 1586 1501 1639 et
1523 1573 1639 1641 habuit
1661 1577 1851 1641 testimonie
1871 1575 2171 1661 divinaquiava·

142 1662 224 1729 God-
247 1667 283 1729 2.
300 1663 407 1729 tabet:
430 1665 609 1747 acastum,
640 1664 742 1734 oredo
771 1659 1061 1730 essemutilatum
1083 1683 1125 1727 ex
1178 1663 1226 1728 nit
1247 1661 1291 1726 ad
1313 1680 1389 1727 eum
1401 1658 1556 1726 Christus
1578 1662 1663 1748 ipse,
1682 1674 1716 1729 et
1737 1659 1995 1750 vuitbaptizarl.
2038 1659 2170 1731 lldco

113 1748 370 1834 'herbaceam
393 1750 484 1818 siout
505 1751 620 1814 osam
642 1772 684 1818 ex
711 1750 870 1824 orstelea,
891 1750 926 1816 id
950 1760 1015 1831 εει,
1036 1750 1124 1830 offer·
1178 1744 1250 1815 vult
1272 1748 1433 1834 baptizari
1455 1745 1635 1829 Christus,
1668 1750 1747 1853 quia
1778 1751 1853 1835 ipsa
1879 1747 1952 1817 vult
1972 1748 2172 1833 approbare

139 1835 255 1901 maen.
849 1831 868 1867 ‘
1179 1835 1379 1921 baptismum
1401 1831 1569 1903 lobannis.
1618 1834 1706 1910 Qura
1738 1838 1812 1923 ipsa
1844 1837 2045 1923 baptizaturi
2079 1853 2170 1922 ergo

226 1921 354 1991 Dicunt
374 1925 494 1991 ecdem
517 1926 571 1991 die
592 1935 671 2010 post
688 1922 732 1990 30
745 1943 855 1989 anuos
868 1921 1035 1990 Christum
1047 1942 1125 1991 csse
1177 1922 1355 2009 approbat.
1411 1921 1489 1987 Non
1521 1923 1657 1988 damnat
1684 1924 1830 2008 priorem
1862 1920 2072 1995 Ecclesiam,
2101 1923 2172 1991 aad

140 2011 357 2098 baptizatum.
400 2010 546 2078 Veteres
576 2013 788 2078 nominarunt
821 2010 910 2077 hunc
939 2011 1028 2077 diam
1048 2006 1125 2097 Epi·
1177 2008 1349 2094 couiuugit
1398 2005 1496 2074 simul
1544 2010 1831 2076 circumcisionem
1875 2023 1916 2077 ει
1951 2010 2169 2095 baptismam.

96 2110 105 2132 “
139 2098 264 2185 phania
299 2108 437 2184 propter
472 2099 651 2166 exhibitam
678 2110 711 2164 et
732 2109 952 2164 monstratam
973 2097 1124 2163 divinita·
1177 2093 1217 2161 ll.
1261 2095 1349 2170 Quia
1369 2091 1476 2160 voluit
1496 2113 1577 2161 esse
1594 2098 1776 2163 membrum
1809 2094 1908 2164 huius
1941 2108 2080 2163 nomme
2100 2093 2171 2161 Eo-

140 2196 208 2250 tem
224 2185 259 2251 in
281 2185 446 2270 baptismo
469 2182 614 2266 Christi,
636 2204 706 2251 non
726 2181 887 2264 astella,
916 2205 1002 2269 quae
1023 2204 1125 2270 appa·
1178 2179 1325 2261 clasiae,
1358 2201 1446 2268 quae
1468 2193 1522 2247 est
1543 2183 1709 2266 baptismo
1731 2180 1886 2252 collecta.
1931 2180 1983 2249 lll.
2028 2180 2170 2249 &aaa
2225 2232 2244 2259 s

140 2274 207 2339 ruit
227 2270 351 2358 Magis,
374 2270 448 2349 νοις
468 2283 505 2337 ιιι
525 2269 583 2338 ille
605 2269 819 2339 sacrificulus
842 2272 993 2351 dicebat,
1018 2267 1124 2337 fuisse
1176 2290 1302 2336 arcano
1325 2281 1387 2333 est.
1433 2264 1550 2346 Voluit
1577 2270 1768 2357 significare
1797 2270 2048 2357 anabaptismo
2069 2265 2170 2336 ablui

139 2354 312 2447 mulierem
334 2360 501 2444 quandam
522 2359 686 2425 nutricem
708 2356 844 2424 Christi.
912 2366 915 2372 '
1176 2367 1292 2421 nostra
1310 2367 1452 2442 peccata
1473 2356 1507 2420 in
1534 2374 1597 2421 suc
1622 2376 1787 2442 corpore,
1820 2359 1854 2423 iu
1887 2376 1951 2423 suo
1985 2357 2168 2442 sanguine.

227 2444 378 2507 tardante
396 2445 498 2511 oredo
521 2445 717 2532 simpliciter
734 2464 813 2511 esse
833 2443 981 2523 almath,
1002 2444 1035 2507 id
1057 2454 1123 2522 est,
1177 2443 1273 2518 Quae
1294 2441 1350 2509 hic
1370 2452 1517 2528 aguntur
1537 2445 1572 2507 in
1595 2445 1784 2531 baptismo,
1817 2445 1985 2531 pertinent
2012 2444 2057 2510 ad
2083 2462 2171 2509 cou-

142 2532 333 2606 descensio,
356 2534 407 2593 cia
431 2532 578 2595 obremus
598 2554 667 2596 conr
687 2533 809 2616 patira,
860 2550 1035 2617 uamquam
1068 2529 1124 2596 alii
1175 2527 1368 2596 sessionem.

139 2618 254 2687 dicunt
276 2638 353 2685 esse
375 2618 490 2686 alasa
512 2620 644 2700 etDon,
666 2620 744 2707 quia
764 2619 811 2687 ibi
832 2552 895 2687 llu
916 2619 1022 2685 tribus
1034 2616 1123 2684 Dan.
1262 2614 1421 2685 lobannis
1442 2616 1611 2681 recusatio
1629 2626 1683 2681 est
1703 2617 1800 2683 etiam
1823 2618 1955 2705 signum
1976 2612 2170 2684 confessio·

139 2704 225 2780 lah,
248 2706 366 2786 idest,
389 2705 720 2786 cameracenses.
1176 2706 1246 2770 nis:
1272 2703 1319 2766 aa
1339 2723 1373 2765 es
1394 2699 1538 2764 dozarae
1558 2701 1649 2765 huius
1669 2703 1818 2785 baptismi
1829 2749 1838 2778 ,
1870 2725 1969 2788 aeque
2001 2723 2084 2785 opas
2113 2710 2169 2769 m

226 2793 296 2859 lsta
317 2797 466 2861 narratio
495 2794 537 2860 de
563 2795 731 2879 baptismo
764 2792 911 2858 eontinet
939 2792 1125 2859 doctrinam
1176 2793 1237 2856 tibi
1258 2792 1421 2874 baptimo·
1467 2789 1599 2856 Deinde
1619 2790 1750 2857 additur
1778 2791 1943 2878 baptismo
1965 2788 2093 2857 Christi
2114 2802 2168 2857 ta-

141 2878 282 2946 duorum
303 2880 581 2968 gravissimorum
601 2878 770 2947 locorum:
793 2877 820 2947 1.
844 2879 957 2954 Quare
968 2878 1129 2946 Christus
1176 2881 1367 2947 stimonium
1396 2875 1497 2942 totius
1529 2877 1707 2957 trinitatis,
1740 2898 1827 2965 quae
1859 2879 2026 2965 approbat
2055 2876 2167 2962 bapal-

139 2963 287 3033 voluerit
309 2967 481 3054 baptizari.
531 2968 570 3033 11.
603 2967 842 3034 Testimonium
876 2966 1057 3034 divinitatis
1090 2967 1125 3030 in
1177 2987 1295 3035 smum·
1342 2963 1392 3031 'l'u
1415 2983 1475 3042 ea,
1510 2965 1567 3048 qui
1594 2966 1764 3046 restituis,
1796 2966 1852 3052 qui
1873 2964 2081 3044 sanctificas,
2104 2963 2169 3050 qul

141 3049 290 3131 Christo,
312 3064 346 3117 et
367 3054 531 3138 apparitio
554 3055 653 3119 trium
676 3072 899 3138 personarum
933 3052 1123 3119 divinitatis.
1177 3051 1268 3121 tollis
1290 3061 1437 3138 peccata.
1487 3046 1599 3116 Docet
1630 3071 1694 3118 nos
1726 3050 1867 3137 implere
1902 3070 2035 3121 omnem
2066 3051 2167 3118 iusti·

140 3134 348 3223 Xenophon:
370 3137 472 3203 Κακὸν
493 3137 583 3205 oo’div
605 3139 709 3225 φύεται
730 3145 760 3203 ἐν
775 3137 877 3226 ἀνδρὶ,
889 3145 1019 3221 θεμέλια
1029 3136 1124 3220 dspi-
1176 3141 1266 3213 tiam,
1289 3134 1419 3205 scilicet
1435 3133 1682 3221 particularem,
1703 3149 1737 3204 te
1758 3149 1866 3216 mam,
1888 3157 2072 3206 memsam
2094 3147 2166 3204 etc.

139 3249 183 3315 up
197 3227 258 3290 τῶν
279 3222 406 3312 ἀρετῶν,
423 3224 476 3306 τήν
498 3225 697 3313 suppositas
716 3229 769 3289 aot
790 3224 843 3307 τήν
864 3225 1057 3313 ἐγκράτειαν,
1089 3224 1124 3290 ld
1177 3227 1252 3294 Tibi
1273 3226 1465 3291 mandatum
1487 3236 1552 3303 est,
1572 3237 1609 3290 ut
1627 3226 1789 3311 baptizes,
1810 3225 1906 3305 mihi,
1938 3239 1976 3293 ut
1997 3223 2165 3310 baptizer.

134 3320 206 3392 est,
227 3310 346 3374 Malum
366 3310 482 3375 mltum
503 3315 646 3376 noscitur
666 3314 804 3392 inviro,
831 3315 886 3396 qut
913 3315 1024 3394 pontit
1052 3313 1125 3391 faa·
1177 3315 1402 3399 Posteaquam
1423 3310 1525 3396 igitur
1548 3308 1702 3377 Christum
1725 3314 1767 3378 ba
1791 3313 1912 3379 tiaatus
1935 3325 2005 3393 ast,
2025 3310 2168 3383 additur

141 3397 290 3460 dammis
310 3400 464 3472 virtulem,
485 3401 669 3464 modestiam
690 3405 722 3461 et
742 3403 987 3483 temperantiam.
1027 3398 1125 3463 Wem
1177 3403 1341 3490 apparitio
1359 3397 1463 3463 totius
1486 3398 1664 3478 trinitatis,
1697 3421 1741 3486 qu
1777 3401 1806 3465 is
1838 3420 2007 3487 nunquam
2033 3398 2168 3483 scripta
2239 3477 2243 3484 .

140 3487 192 3547 eia
213 3485 336 3547 racnscb
357 3486 411 3548 use
432 3483 648 3554 fundamenta
667 3485 741 3564 tot,
768 3508 806 3549 so
832 3486 895 3549 loa
915 3508 986 3549 aron
1007 3484 1126 3569 superui
1178 3507 1240 3556 εει.
1285 3483 1412 3552 Paulus
1435 3483 1516 3549 dicit
1546 3503 1585 3549 se
1617 3495 1849 3570 raptumesse
1874 3486 2063 3552 intertium
2086 3504 2166 3550 eoe-

141 3570 241 3634 oram
256 3571 395 3634 macheu.
441 3572 587 3642 Caesar:
609 3572 649 3635 Ia
669 3572 769 3638 me'lite
789 3594 852 3636 nort
880 3574 979 3636 solam
1007 3577 1125 3657 meque·-
1177 3574 1257 3656 lum,
1280 3575 1315 3641 ld
1336 3582 1401 3650 est,
1424 3572 1459 3635 iu
1481 3584 1701 3656 conspectum
1722 3571 1809 3653 Dei,
1844 3583 1878 3639 et
1900 3573 2073 3661 distinguit
2094 3569 2167 3638 Dei

141 3657 279 3721 matram
301 3660 408 3752 oaimt,
429 3661 488 3721 sed
508 3663 603 3727 ettam
628 3659 813 3722 modestiam
828 3664 977 3746 ‘repara
1026 3660 1126 3724 Wem
1178 3665 1294 3730 sedem
1316 3681 1337 3727 a
1359 3659 1492 3723 duobus
1514 3657 1631 3725 coelis.
1677 3658 1821 3725 Primum
1843 3658 1974 3727 coelum
2007 3669 2061 3725 est
2089 3663 2164 3737 aer,

140 3746 192 3811 oin
213 3743 295 3806 lmob
313 3745 452 3829 [iambo
474 3754 526 3821 ist,
548 3748 591 3813 im
616 3747 736 3828 udens,
759 3767 866 3815 vanus
888 3758 922 3813 et
941 3746 1057 3828 heluo,
1080 3748 1126 3811 do
1177 3749 1364 3817 secundum
1385 3743 1517 3812 coelum
1540 3757 1594 3811 ast
1615 3756 1685 3811 tota
1705 3744 1875 3828 machina,
1905 3748 1962 3813 ubi
1982 3756 2061 3812 suot
2080 3741 2165 3810 stal·
2180 3745 2190 3771 ³

140 3831 223 3897 aoird
240 3831 345 3895 asena
364 3841 439 3916 puts
460 3854 529 3897 aaa.
612 3833 742 3900 adestia
764 3847 818 3901 est
840 3835 960 3916 virtus,
982 3836 1126 3923 quaein
1177 3837 1244 3904 lae.
1288 3833 1436 3900 Tertium
1458 3830 1590 3898 coelum
1611 3834 1759 3899 nominat
1780 3831 1871 3899 illam
1892 3834 2018 3913 sedem,
2038 3831 2165 3899 abisa

141 3920 254 4010 gestu,
276 3919 310 3983 iu
328 3938 485 3988 sermone
502 3930 536 3987 ct
557 3920 713 4007 opinions
734 3922 777 3987 de
797 3922 897 3989 nobis
919 3932 1125 3989 servatcon·
1177 3923 1274 3992 Deus
1298 3919 1461 3997 ostendit3
1481 3920 1543 3985 sed
1564 3920 1620 3986 hic
1637 3930 1690 3988 est
1710 3916 1873 3986 illustrior
1893 3920 2074 4007 apparitio,
2102 3917 2165 3985 ubi

141 4006 715 4157 utitatissimum
723 4007 819 4159 ,liii
840 4007 1126 4163 lli‘hhlh'ssi
1178 4005 1948 4180 'liststl‘iilmtltlt‘tffitti
1968 4089 2089 4171 aaa
2118 4089 2163 4157 a

66 4207 71 4216 ·
190 4199 254 4262 um,
275 4190 310 4245 et
330 4201 400 4247 nou
432 4192 486 4246 est
517 4182 552 4246 in
579 4180 638 4248 tali
661 4192 782 4249 natura
803 4181 977 4249 modestia.
1022 4182 1125 4250 llero·
1179 4197 1235 4254 cut
1257 4204 1298 4250 se
1318 4178 1492 4268 patefecit3
1512 4175 1646 4264 philoso
1669 4180 1728 4245 hia
1749 4201 1819 4247 nou
1840 4183 1892 4246 sic
1912 4178 2080 4267 loquitur,
2106 4185 2166 4244 est
2226 4222 2236 4235 ·

165 4275 258 4333 otus:
279 4265 396 4328 Mulier
418 4287 486 4330 aaa
507 4275 590 4331 ceste
623 4268 756 4352 ιιφοιιιι
845 4288 946 4354 orem;
987 4270 1029 4336 ed
1056 4290 1126 4338 nou
1201 4271 1422 4355 ualiscuuque
1442 4268 1561 4333 notitia
1583 4203 1713 4334 dalleo
1733 4279 1878 4334 naturae
1898 4268 2075 4351 impressa,
2096 4263 2165 4331 aad

140 4349 252 4418 solum
274 4350 415 4435 mulier,
446 4374 565 4422 verum
587 4356 688 4423 etiam
709 4268 921 4424 anol'ehhens.
1002 4377 1127 4445 agnum
1178 4295 1333 4427 livinius
1365 4355 1466 4421 nobis
1498 4372 1538 4419 sc
1572 4355 1623 4420 sic
1655 4352 1837 4440 patefecit,
1866 4356 1957 4442 quod
1986 4354 2030 4418 sit
2051 4361 2165 4503 pater,

141 4439 248 4507 decus
270 4448 305 4506 et
326 4452 556 4508 oruamentum
583 4462 748 4510 summum
774 4444 809 4508 in
834 4440 1052 4512 adolescente
1074 4454 1127 4511 est
1177 4446 1269 4535 quod
1298 4443 1343 4509 sit
1372 4438 1485 4521 lilius,
1519 4450 1554 4506 et
1586 4441 1730 4526 Spiritus
1763 4453 1911 4508 sanetus.
1955 4438 2010 4505 Do
2034 4437 2106 4504 dio
2128 4447 2166 4504 at

54 4555 57 4559 ·
139 4526 315 4594 modestia
1176 4544 1274 4688 patre
1294 4538 1373 4598 suut
1394 4544 1559 4612 expressa
1574 4528 1763 4594 testimonia
1783 4530 1818 4594 in
1843 4529 1950 4613 primo
1978 4526 2089 4612 capite
2109 4522 2164 4591 lo·

227 4613 305 4680 Nou
327 4623 455 4680 mutum
477 4625 555 4682 suut
575 4613 610 4682 in
632 4612 769 4687 Christo
802 4625 838 4682 et
856 4615 1006 4685 iohanne
1037 4616 1127 4686 istae
1201 4621 1310 4699 aunis,
1334 4618 1376 4683 de
1398 4613 1524 4699 Spiritu
1544 4628 1664 4682 sancto
1685 4617 1720 4682 in
1742 4615 1960 4703 sequentibus
1982 4613 2163 4698 capitibus.
2196 4676 2202 4691 ,

140 4698 289 4785 pueriles
322 4700 487 4782 virtutes,
519 4720 553 4763 es
585 4702 661 4765 stad
691 4722 802 4786 prosae
823 4701 905 4811 bolus
926 4723 1071 4772 caussae
1091 4706 1127 4772 iu
1263 4704 1365 4768 Pater
1396 4711 1466 4807 est·
1481 4719 1653 4788 persona,
1686 4722 1775 4788 puae
1806 4702 1851 4767 ab
1882 4710 2021 4806 aeterno
2054 4699 2165 4805 gippit

140 4795 475 4938 mlllcreo’rhlhhltlhnm
484 4788 543 4942 all
557 4785 1125 4960 pppffipppaneppvpltpppcmm
1176 4784 2167 4961 {puppoapoppplppnppnpmpepitesmnbrpppoapppmgp

141 4977 229 5045 quae
251 4969 304 5024 est
326 4960 459 5049 signam
480 4962 725 5051 promissionis.
779 4962 922 5033 Turaioa
954 4964 1126 5034 circumci·
1176 4965 1282 5035 aolius
1303 4965 1422 5050 patris,
1433 4963 1495 5029 sed
1507 4963 1604 5029 ctiam
1627 4960 1686 5029 lilii
1708 4971 1741 5028 ct
1753 4961 1899 5047 Spiritus
1920 4963 2040 5027 sancti
2063 4957 2167 5034 Quic-

141 5046 285 5112 aionon
308 5056 360 5112 est
381 5059 650 5121 sacramentum,
684 5051 763 5137 quia
790 5050 858 5120 iam
884 5061 939 5118 est
959 5050 1126 5141 abrogata
1176 5055 1257 5142 quid
1278 5051 1374 5119 Deus
1443 5051 1468 5116 it
1489 5062 1586 5117 extra
1606 5069 1668 5129 aa,
1692 5058 1806 5136 agunt
1827 5067 1995 5134 ρειεειιιιο
2015 5066 2168 5115 oourmu·

141 5131 365 5213 circumcisio,
385 5145 439 5202 cat
466 5157 554 5224 opus
587 5133 844 5208 idololatricam·
887 5136 1047 5208 iohannis
1069 5161 1124 5210 oe·
1175 5141 1279 5224 niter,
1312 5137 1375 5206 sed
1397 5069 1499 5206 ldrud
1531 5147 1585 5205 cst
1617 5135 1710 5225 loqui
1727 5137 1772 5204 de
1792 5136 1943 5205 internis.
1989 5134 2092 5203 Pater
2113 5134 2168 5224 gi·

1485 1488 1643 1555 essionis.
1687 1487 1853 1556 lohannes
1876 1489 2059 1574 baptizavit
2080 1488 2169 1557 divi·
2259 1550 2263 1557 .
