4620 5588
136 214 221 296 nu
548 314 552 321 ,
784 222 896 291 rau
918 218 1023 289 uaa.
1044 218 1234 291 acaum
1252 216 1520 293 axaoeuca
1905 190 1913 207 '
2096 216 2164 289 rua

142 432 212 482 aum
233 378 542 497 atrrpmssuntes,
584 412 617 476 ai
639 424 735 477 eram
755 408 880 477 lumina
904 410 1131 497 gentietitaa·
1154 422 1158 483 ί
1183 411 1328 475 instituti
1349 411 1426 475 aiut.
1492 406 1637 477 Debetia
1663 412 1780 476 timere
1807 422 1844 476 et
1862 412 2022 477 invocare
2040 412 2163 491 Deum,

144 522 217 567 cae.
245 497 413 583 Tempore
436 496 576 562 Damost
603 499 679 563 anis·
696 516 809 563 varen
831 518 868 563 et
888 502 1050 581 sttlmpler
1064 501 1158 597 aad,
1181 509 1215 561 et
1240 507 1360 581 postea
1382 494 1605 563 obedientiam
1623 506 1797 583 praestate
1812 500 1846 561 in
1869 498 2010 563 caeteris
2027 518 2164 583 praece·

144 587 296 671 keruer
317 592 379 650 tate
400 584 565 648 Homerus
586 594 680 666 rapt:
706 582 851 669 Ἀχαιΐδες
871 584 926 647 oda
948 582 989 648 ἴτ’
1008 580 1130 667 Ἀχαιοί.
1154 612 1158 621 ·
1179 583 1258 668 ptis.
1304 579 1354 646 llli
1378 579 1539 648 volebant
1561 604 1712 670 pugnare
1733 604 1796 670 pro
1818 582 1934 668 politia
1955 596 1989 650 et
2006 586 2160 669 pecunia,

232 671 281 735 lta
294 673 327 734 in
340 670 463 734 ludera
481 682 561 734 tunc
582 690 649 734 non
668 669 801 736 suerunt
824 668 951 734 similes
969 682 1130 751 veterum,
1152 626 1158 763 Ι
1180 688 1247 733 uon
1269 671 1433 734 curabant
1455 669 1658 748 doctrinam
1681 684 1777 736 erant
1798 680 2036 756 persecutores
2052 669 2163 735 Evan-

146 778 215 824 uon
248 755 382 821 fuerant
413 752 501 821 tales
535 756 596 820 viri
629 768 787 841 tempore
821 754 982 842 Pompeii,
1010 753 1130 842 quales
1153 778 1159 855 Ιι
1180 752 1270 841 gelii,
1293 752 1453 820 nolebant
1475 756 1593 821 audire
1614 754 1803 837 Christum,
1830 766 1899 822 nou
1922 758 2105 823 eredebant
2126 759 2161 824 in

145 856 297 929 tempore
320 841 501 916 Antioabi3
524 839 627 907 multo
651 844 761 908 minas
784 839 882 921 tales,
917 838 1036 928 quales
1058 840 1130 907 lue·
1152 860 1157 919 ι
1180 862 1265 906 eum.

147 942 224 996 root
244 928 367 1005 David,
390 927 507 993 iosias.
576 928 612 992 ln
635 926 795 1013 exemplis
818 948 905 993 trusa
926 924 1156 1006 resarcirem}
1266 929 1353 991 Date
1373 922 1527 1007 Caesari,
1545 948 1631 1015 qtme
1652 931 1811 995 uaesana
1831 937 1913 994 ruat.
1960 927 2037 995 [tna
2063 941 2162 996 sunt

170 1017 225 1080 uid
248 1015 437 1092 conveniat,
461 1014 543 1079 u'ass
563 1018 624 1078 wir·
644 1014 734 1079 turbt
749 1034 838 1101 sequ,
860 1017 919 1079 acie
940 1016 993 1079 die
1013 1017 1130 1100 inopen
1152 1014 1156 1069 i
1179 1011 1285 1078 belteil
1307 1012 1404 1076 nott:
1427 1013 1460 1077 ld
1483 1027 1547 1093 ast,
1571 1034 1637 1080 non
1651 1010 1870 1101 quaecunque
1890 1011 1949 1079 ille
1968 1017 2064 1081 adse
2080 1028 2164 1103 quo·

160 1103 273 1179 ἰάσι,
296 1101 352 1186 qui
374 1097 489 1164 volunt
512 1101 630 1166 imitari
653 1115 828 1187 patentes,
856 1102 991 1186 quando
1014 1122 1128 1166 eorum
1152 1076 1156 1180 Ι
1180 1118 1311 1184 cunque
1334 1099 1447 1175 rrtodo,
1481 1098 1537 1164 vel
1559 1095 1674 1185 abacia
1696 1097 1862 1167 violenter
1894 1100 2054 1179 attrahet,
2088 1118 2161 1168 ron·

146 1193 326 1258 amonitus,
349 1187 734 1272 etmagnoseotlrurnos
752 1188 903 1261 induunt,
925 1198 958 1252 ει
980 1190 1129 1252 raetiam
1152 1198 1155 1277 q
1178 1186 1262 1249 den
1284 1203 1351 1250 was
1372 1186 1442 1249 seia
1463 1185 1514 1250 iat
1555 1187 1632 1252 Nou
1655 1199 1708 1253 est
1730 1188 1889 1274 principis
1911 1208 1983 1265 mea
2005 1190 2163 1268 curtiaux,

146 1272 232 1339 tales
254 1292 333 1339 esse
350 1274 583 1360 imaginantur.
650 1274 759 1359 Saepe
792 1274 944 1338 homines
972 1285 1074 1338 ruunt
1095 1285 1130 1338 ot
1151 1298 1155 1359 2
1178 1283 1236 1337 aut
1258 1268 1338 1349 tilia,
1361 1273 1423 1337 sad
1447 1283 1499 1336 ost
1521 1294 1596 1339 mea
1618 1275 1773 1346 coniunx,
1795 1295 1870 1341 mee
1890 1270 1970 1341 filia.
2013 1273 2071 1341 Sic
2092 1295 2163 1340 noa

147 1372 327 1426 accersant
349 1360 412 1424 sibi
435 1380 575 1446 magnas
599 1357 808 1426 calamitates
831 1359 964 1445 decepti
987 1359 1053 1425 bae
1075 1384 1128 1423 aa·
1150 1387 1155 1479 q
1179 1353 1304 1421 babent
1326 1369 1528 1442 potestatem
1552 1360 1700 1445 rapiendi
1724 1382 1764 1424 ex
1789 1357 2023 1438 facultatibus,
2056 1382 2160 1446 quan·
2220 1409 2228 1418 .

145 1451 275 1598 mtpiqp.
637 1533 645 1551 ι
1150 1482 1155 1531 t
1179 1454 1248 1507 tum
1273 1439 1401 1549 volout,
1425 1456 1458 1507 ει
1481 1446 1637 1532 quiequid
1661 1442 1796 1526 volunt,
1819 1448 1880 1512 sed
1902 1467 1989 1532 quae
2011 1447 2161 1552 ipsorum

264 1532 439 1618 espoudeo
471 1552 574 1618 ergo:
609 1530 702 1596 l'rum
737 1545 790 1596 est
824 1544 856 1596 et
889 1531 1128 1610 necessarlum,
1151 1536 1155 1584 1
1178 1540 1267 1592 sunt.
1311 1529 1407 1594 brcat
1428 1528 1572 1594 loannes
1593 1544 1722 1597 aronet:
1747 1532 1860 1598 Estote
1879 1541 2018 1599 conterati
2040 1541 2162 1617 stapen-

147 1621 303 1789 “dpllm
327 1629 495 1702 tempore,
529 1637 704 1704 quousque
726 1629 779 1682 est
802 1619 954 1683 ordinata
976 1615 1128 1683 defensio
1150 1618 1155 1681 f
1177 1615 1244 1680 dita
1263 1617 1393 1681 uestris.
1438 1614 1588 1700 Gret‘flen
1604 1620 1652 1683 sie
1674 1620 1795 1711 ociter,
1817 1618 1930 1706 aliqua
1948 1622 2093 1685 servitus
2110 1630 2182 1699 tor,

147 1718 212 1772 tom
263 1753 271 1768 .
317 1703 384 1768 lam
407 1706 614 1789 praedictum
638 1716 728 1784 crat,
765 1703 864 1769 finem
888 1701 962 1770 sore
982 1701 1127 1787 politiae,
1151 1694 1155 1773 Ι
1180 1702 1317 1766 iuranda
1339 1715 1406 1766 esta
1424 1703 1502 1787 quia
1521 1701 1660 1791 imperia
1683 1706 1816 1771 duriora
1828 1717 1999 1793 postremo
2010 1716 2164 1790 ternpore

146 1804 180 1859 ει
213 1790 383 1857 Christum
416 1802 592 1857 venturum
626 1791 658 1855 in
691 1802 810 1876 quarta
843 1789 1061 1870 blonarcbia,
1094 1800 1128 1855 ει
1151 1796 1154 1861 ἓ
1178 1787 1304 1866 rantuli,
1326 1798 1405 1853 suat
1428 1786 1525 1853 simul
1549 1810 1690 1874 poenae,
1714 1803 1747 1857 ει
1770 1788 2078 1857 commonefaciunt·
2094 1810 2159 1856 noa

146 1876 302 1944 fortassis
326 1876 548 1961 significatum
571 1878 604 1941 ln
627 1875 782 1956 Daniele,
799 1878 893 1961 quod
915 1889 1035 1962 quarta
1057 1897 1127 1940 mo·
1151 1870 1154 1935 ἶ
1179 1873 1221 1939 dc
1242 1875 1308 1937 b'ue
1329 1875 1458 1952 muudi,
1491 1887 1524 1939 ει
1557 1877 1600 1942 tle
1627 1878 1754 1945 ilustris
1787 1880 1918 1966 aragois
1940 1879 2106 1962 peccatis:
2128 1889 2162 1944 et

146 1960 285 2030 carebia
308 1964 451 2049 pedibus
468 1976 640 2053 vastatura
662 1975 755 2028 osaea
777 1960 924 2049 politiam
949 1962 1128 2028 iudaicam.
1150 1960 1155 1971 ’
1179 1961 1317 2044 quaudo
1349 1960 1526 2045 lupariam
1559 1976 1612 2035 est
1644 1965 1933 2051 turbatampopus
1954 1976 2009 2029 est
2029 1965 2161 2045 qraiori·

146 2050 242 2116 Siettt
264 2050 385 2114 deinde
406 2051 504 2114 etiarn
527 2051 559 2114 ln
583 2046 771 2115 Ecclesiam
795 2050 944 2114 exercuit
972 2068 1128 2134 maguam
1152 2101 1156 2115 ,
1184 2047 1249 2110 bus
1272 2048 1470 2130 sumptibus.
1514 2042 1576 2112 llla
1599 2046 1755 2117 conlusio
1776 2048 1867 2124 lacit.
1890 2063 1928 2117 ut
1946 2052 2095 2137 rapiatur
2117 2072 2161 2115 ex

146 2123 373 2203 crudelitatem
395 2137 428 2200 ln
452 2135 691 2201 interficiendis
714 2136 916 2222 martyribus
940 2145 1127 2220 per-toturn
1151 2126 1155 2210 l
1178 2129 1301 2211 alieno,
1322 2146 1367 2211 ut¹
1384 2131 1603 2217 bopotliautur
1635 2136 1757 2201 iudicia
1788 2149 1823 2203 ει
1846 2137 2087 2203 administratio
2115 2137 2161 2200 tli-

144 2224 322 2289 {narbam
350 2235 526 2301 terrarum,
558 2223 625 2287 und
658 2222 721 2287 dos
753 2221 1004 2308 posculentum
1033 2221 1126 2299 norb,
1151 2236 1154 2283 ι
1178 2217 1349 2304 seipliuae.

144 2309 225 2377 Gott
243 2307 340 2391 lrelffe
360 2329 431 2374 uns.
480 2308 572 2374 Deus
591 2319 703 2374 serrat
721 2308 883 2395 reliquias
905 2326 989 2374 suno
1010 2304 1126 2372 Eeclo·
1151 2294 1155 2315 ¹
1264 2304 1334 2372 Sed
1357 2302 1511 2371 Cluistus
1533 2304 1589 2373 laio
1611 2326 1679 2372 non
1701 2307 1812 2374 voluit¹
1828 2303 2035 2394 amplificare
2056 2304 2161 2373 licen·

145 2397 224 2462 siae.
291 2394 363 2461 Nos
391 2396 502 2460 adbuc
526 2392 624 2461 bodie
646 2397 810 2461 satuimus
835 2396 939 2480 pedes
961 2391 1051 2458 illius
1069 2396 1127 2458 be·
1151 2394 1154 2471 ζ
1178 2391 1268 2469 tiam,
1292 2391 1353 2455 aad
1376 2393 1591 2476 restringere,
1615 2403 1650 2457 ot
1670 2392 1770 2459 simul
1790 2394 1915 2461 docere
1935 2394 1979 2459 tle
1995 2394 2159 2463 obedion-

145 2485 233 2549 stlae
255 2478 494 2548 cortculcantia.
866 2508 869 2513 ·
1151 2477 1236 2559 gtia,
1271 2488 1307 2541 ut
1335 2478 1518 2541 tribuamus
1541 2493 1727 2562 quaesunt
1753 2482 2016 2566 magistratuum.
2062 2480 2092 2559 1.
2115 2477 2163 2545 Ut

232 2567 306 2634 Dus
327 2569 370 2633 ist
390 2586 457 2633 nun
478 2569 568 2634 dieto
588 2568 785 2652 disputatio,
819 2587 906 2654 quaa
940 2578 994 2632 est
1027 2564 1127 2631 valde
1149 2566 1155 2607 l
1178 2565 1365 2628 tribuamus
1386 2564 1437 2628 cis
1459 2562 1641 2642 bonoremt
1662 2564 1696 2631 Β.
1720 2563 1868 2633 laborem
1880 2566 2046 2653 corporis,
2067 2558 2162 2651 quod

145 2656 285 2720 erudita.
351 2653 541 2721 Defendere
574 2655 759 2719 doctrinam
781 2666 816 2719 et
839 2650 969 2734 cultus,
1001 2652 1127 2718 iustum
1149 2718 1154 2737 ι
1178 2651 1221 2716 ad
1243 2647 1391 2714 militiam
1413 2650 1547 2724 attinet;
1568 2649 1599 2715 3.
1622 2662 1656 2715 et
1676 2652 1841 2739 stipendia
1864 2651 1920 2718 rel
1942 2653 2163 2719 contributio·

145 2735 284 2819 luissot3
319 2743 380 2805 sed
414 2760 552 2806 mouere
584 2738 745 2806 tumultus
766 2752 906 2826 propter
926 2738 1127 2825 corporalia,
1178 2757 1272 2802 uemt
1295 2754 1386 2799 neon
1406 2755 1486 2799 maa
1502 2755 1681 2802 montanea
1698 2740 1774 2824 lapt.

146 2844 214 2891 non
246 2838 321 2890 erat
352 2827 590 2892 necessarium.
657 2827 703 2892 Ea
724 2846 834 2893 aaaron
857 2827 947 2892 aicta
968 2825 1058 2893 meir
1074 2827 1154 2903 dia,
1265 2820 1382 2887 llonos
1403 2832 1455 2886 eat
1477 2841 1683 2909 agnoscere,
1710 2825 1800 2912 quod
1825 2826 1964 2913 imperia
1986 2825 2057 2889 aint'
2074 2824 2166 2911 ordi·

146 2912 222 2976 leut.
246 2910 407 2975 Minorem
421 2909 576 2976 Christus
598 2915 763 2997 proponit,
782 2935 856 2979 cum
879 2908 1013 3062 lntrpjnit
1034 2934 1128 2978 nunt·
1151 2916 1155 2933 '
1178 2918 1257 2975 neta
1299 2908 1479 2988 ditinitus,
1516 2919 1551 2974 et
1593 2921 1730 2996 propter
1770 2909 1879 2978 licum
1923 2912 2076 2977 venerari
2128 2922 2165 2977 et

146 3014 247 3073 mum,
283 2999 369 3061 unda
402 2996 469 3060 hoe
503 2995 609 3076 elicit,
642 2998 824 3063 Caesarem
847 3017 925 3063 esse
969 3001 1125 3065 ominum.
1152 3032 1155 3043 ·
1178 3010 1293 3062 amara
1323 2994 1475 3060 ordinem
1507 2991 1689 3080 politicum.
1743 2996 1869 3084 Magna
1903 2994 2092 3063 bestialitas
2127 3008 2186 3065 et.

123 3143 126 3149 .
148 3082 291 3167 Oportet
313 3102 395 3167 ergo
419 3101 482 3147 voa
505 3083 572 3166 pati
594 3085 725 3161 damna,
752 3095 785 3148 et
807 3086 1000 3149 servitutem
1023 3087 1056 3149 in
1078 3104 1128 3149 re·
1152 3096 1156 3151 ξ
1178 3077 1347 3147 borrlbllis
1368 3079 1463 3145 lbror
1484 3091 1538 3146 est
1560 3100 1697 3163 eorum,
1729 3085 1785 3169 qui
1818 3081 2028 3151 delectantur
2047 3085 2164 3149 torba-

149 3169 213 3234 bas
235 3164 493 3252 temporalibus3
523 3171 600 3253 quia
630 3165 768 3234 libertas
791 3182 843 3235 eat
865 3170 1031 3256 promissa
1054 3190 1128 3236 cam
1152 3166 1156 3229 ἐ
1179 3171 1270 3235 dono
1290 3167 1417 3232 ordinis
1438 3164 1582 3250 politici,
1614 3187 1812 3257 quamquem
1834 3172 1932 3236 etiarn
1955 3166 2056 3254 aliqui
2080 3167 2166 3235 etol-

148 3254 385 3339 castigattonea
406 3253 659 3320 sternerentur
679 3274 715 3320 as
735 3257 811 3321 aelrr
830 3259 910 3322 aeota
930 3258 999 3321 und
1021 3278 1056 3322 ea
1074 3274 1129 3338 qe·
1152 3292 1156 3301 ·
1180 3256 1249 3321 title
1271 3250 1495 3339 impelluntur.
1539 3252 1750 3322 Diabolloum
1779 3268 1848 3336 eat,
1874 3276 1944 3322 non
1972 3276 1991 3322 a
2042 3274 2167 3322 escere

148 3340 354 3419 lactabant,
376 3343 437 3405 uir
457 3340 565 3405 rieden
581 3360 643 3407 atu
663 3361 762 3408 unser
782 3345 873 3428 eipen
893 3342 1032 3429 unqtaclt
1049 3345 1129 3409 uber
1152 3366 1156 3397 τ
1180 3341 1330 3409 ordinem
1352 3337 1522 3426 politicum
1545 3360 1623 3407 esse
1646 3362 1716 3407 rem
1733 3342 1887 3423 divinam,
1899 3356 1930 3408 et
1953 3363 1973 3408 a
2019 3360 2061 3408 eo
2082 3362 2166 3407 eoo·

148 3428 211 3494 den
231 3426 316 3492 aaa.
381 3427 454 3492 lloc
487 3424 625 3512 quilibet
680 3441 769 3494 otest
803 3430 1067 3496 animadvertere
1096 3431 1129 3495 iu
1152 3422 1157 3491 ἒ
1180 3427 1320 3504 serrari,
1340 3446 1410 3491 non
1432 3427 1552 3506 minua,
1570 3448 1669 3514 quam
1693 3428 1776 3494 ordo
1797 3442 1944 3497 motuum
1967 3425 2164 3495 coelestium

150 3514 222 3580 suis
244 3513 391 3579 moribus
414 3524 448 3577 et
470 3515 622 3579 miseriis.
656 3451 720 3581 lob
744 3517 839 3606 dicitt
862 3519 948 3599 b'cio,
969 3518 1056 3602 quod
1077 3538 1130 3581 ae·
1153 3520 1157 3601 ξ
1180 3527 1233 3580 est
1255 3532 1341 3599 opus
1364 3512 1440 3592 Dei,
1463 3526 1496 3579 ει
1519 3505 1741 3582 conseruntur
1765 3535 1786 3580 a
1808 3514 1894 3581 Deo.
1939 3516 1976 3580 Si
1998 3534 2067 3580 non
2088 3534 2164 3604 aer7

150 3600 367 3665 rabuscula
387 3602 542 3684 peccatis,
565 3610 596 3666 et
606 3620 670 3666 non
680 3606 796 3686 porcis
815 3602 1024 3688 delinquenti.
1051 3603 1128 3668 Non
1153 3607 1157 3649 ³
1181 3613 1317 3667 veretur
1338 3620 1358 3665 a
1376 3598 1452 3665 Deo
1473 3601 1557 3665 ordo
1580 3599 1748 3687 politicus,
1771 3623 1838 3667 orto
1857 3604 1909 3667 die
1920 3598 2089 3668 Diabolus
2110 3614 2165 3667 to·

152 3685 320 3771 cogitetis,
341 3687 433 3772 quod
456 3684 551 3753 Deus
573 3707 641 3752 non
659 3690 773 3771 puniat
784 3702 926 3775 peoeata
939 3687 1131 3755 Ecclesiam
1154 3681 1157 3692 '
1180 3700 1247 3752 turn
1265 3706 1372 3773 gertus
1395 3684 1574 3752 bertranum
1604 3684 1731 3752 deleret
1758 3702 1792 3753 et
1817 3700 1991 3755 evomeret.
2036 3687 2170 3753 Postea

152 3784 351 3858 quamquam
374 3770 461 3838 baec
483 3781 535 3838 est
556 3775 749 3861 magnitudo
763 3776 1019 3857 misericordiae,
1041 3775 1130 3860 quod
1154 3796 1158 3841 ε
1181 3774 1280 3838 etiam
1302 3768 1411 3838 bonor
1432 3784 1507 3849 est,
1539 3772 1628 3859 quod
1662 3774 1822 3839 debemus
1855 3794 1934 3840 esse
1956 3775 2050 3861 grati
2079 3784 2164 3861 erga

152 3859 278 3944 mitigat
300 3855 518 3938 calamitates,
540 3859 631 3925 iuxta
653 3861 793 3926 dietum:
815 3861 854 3926 ln
874 3864 932 3927 ἕνα
948 3863 1131 3928 mabet‘ioor·
1155 3858 1159 3911 ἒ
1181 3858 1272 3937 illos,
1297 3860 1352 3944 qui
1374 3859 1843 3925 aradium-iter'adurinistrana
1887 3862 1971 3927 Sunt
2022 3861 2164 3925 uaedam

150 3945 227 4010 diae
246 3946 449 4011 recordaris.
891 3945 900 3963 ⁸
1156 3928 1294 4035 {errata
1315 3945 1536 4011 condonanda
1560 3944 1740 4012 infirmitati
1765 3944 1939 4014 humanae.
2015 3944 2083 4013 ulla
2101 3965 2164 4031 po·

1157 4052 1160 4079 ³
1182 4029 1252 4098 litia
1274 4044 1341 4097 tam
1363 4029 1505 4117 placida,
1529 4044 1601 4096 tran
1626 4029 1724 4106 uilla,
1746 4035 1888 4103 etbcne
1910 4035 2060 4098 ordinata
2082 4050 2166 4098 esso

415 4124 489 4207 De
526 4126 683 4208 tertio
720 4125 863 4209 [4000-
1156 4098 1161 4215 l
1182 4130 1307 4206 potest,
1330 4120 1362 4184 in
1385 4138 1483 4205 quam
1506 4054 1672 4182 Diabtllus
1694 4140 1761 4185 non
1784 4123 1929 4199 saeviat;
1950 4130 1999 4199 ut,
2021 4118 2164 4184 Doridis

1182 4225 1325 4290 regnum
1348 4219 1419 4271 erat
1463 4201 1769 4286 ulcberrimum‚·at
1790 4216 1921 4285 tamen,
1953 4202 2070 4292 quales
2092 4224 2162 4270 mo·

236 4288 392 4376 Sequitur
423 4301 594 4375 postrema
629 4292 782 4358 doctrina
810 4293 853 4356 da
875 4293 1035 4378 gradibus
1053 4295 1133 4358 oba·
1183 4304 1238 4358 tus
1261 4292 1415 4357 excitavit
1472 4288 1618 4357 iabolus!
1662 4291 1733 4358 Neo
1760 4288 1821 4358 fuit
1843 4294 1920 4358 odio
1942 4294 2063 4379 diguus
2085 4308 2164 4376 pro·

152 4377 314 4442 diantiaea
336 4376 426 4441 Date
447 4375 597 4442 Caesari.
640 4377 717 4443 Non
741 4380 833 4444 dicit:
856 4378 948 4443 Date
968 4381 1051 4466 rapi,
1074 4388 1132 4445 out
1183 4391 1260 4464 pter
1281 4375 1425 4463 lapsum,
1446 4378 1687 4463 ignoscendum
1709 4377 1790 4455 fult3
1823 4381 1900 4466 qaia
1933 4381 2041 4443 bonna
2072 4378 2164 4463 prin·

150 4461 760 4617 tu“tt,itltlttt‘f'al⁰5⁸ttt
789 4466 1132 4638 institutit
1181 4461 2164 4639 {tltstttntltttttttlffbatttladmiralii

150 4648 215 4715 est,
239 4622 462 4701 obedientiam
491 4636 583 4700 iuxta
609 4638 720 4703 omnia
743 4597 923 4724 p’raecopta
945 4638 1072 4716 divina3
1094 4649 1131 4705 ut
1181 4638 1269 4705 dium
1303 4634 1391 4702 malo
1423 4634 1588 4715 faciendi,
1622 4639 1687 4702 etsi
1719 4638 1882 4704 interdum
1920 4638 1999 4703 boni
2038 4632 2163 4723 aliquid

151 4720 276 4788 Eaecit.
299 4723 359 4786 ait:
383 4723 552 4786 Ambralate
571 4741 635 4788 non
656 4725 691 4788 in
711 4727 899 4808 praeceptis
918 4732 1051 4808 patrarat
1077 4747 1130 4791 ce·
1180 4722 1271 4790 facit.

149 4816 302 4890 atrorum,
320 4809 379 4874 aed
400 4811 435 4873 in
456 4811 533 4874 meir
551 4814 750 4894 praereptis.
796 4808 952 4876 Christus
984 4809 1130 4896 complo-
1266 4810 1322 4872 Do
1339 4808 1401 4887 felt
1417 4810 1493 4872 ader
1519 4812 1575 4871 tritt
1602 4828 1662 4894 epu
1685 4808 1741 4870 die
1760 4808 1876 4890 Repete
1899 4808 1971 4871 Deo
1992 4810 2094 4890 muqtr
2115 4813 2163 4869 ert

148 4907 250 5047 tlt·
263 4916 415 5048 atita
428 4906 491 5062 rt,
513 4897 695 5069 {zttlttt
709 4894 1130 5064 ltbtltttttdtf'tt:
1179 4897 1411 5070 {miii-'iit
1432 4895 1996 5070 dilaliidii'inssiidia
2042 4914 2164 5061 ,tlt

150 5066 292 5154 telligite
324 5070 586 5151 promissiones,
625 5071 780 5136 invocata
814 5070 935 5149 fiducia
968 5071 1128 5137 blesaiac.
1181 5075 1226 5137 ist
1245 5069 1561 5142 neutralem
1583 5069 1629 5131 du
1648 5088 1682 5129 es
1704 5067 1799 5144 tinet,
1821 5071 1882 5135 sed
1906 5067 2071 5135 aliudest
2093 5068 2181 5154 petit

149 5153 241 5234 ltem,
264 5155 395 5220 debetis
416 5152 604 5243 intelligere
625 5154 746 5238 cultus,
768 5168 802 5222 at
823 5159 932 5236 seba,
959 5158 1129 5245 quomodo
1178 5159 1341 5238 iniuriam,
1362 5178 1425 5223 seu
1446 5154 1677 5223 detrimentum
1697 5153 2170 5236 nortuumseamunm
