4620 5588
162 210 232 282 m
276 170 280 189 ’
849 200 1074 321 mannus
1088 200 1542 277 immmortalis..
1909 292 1911 297 ‚
2119 200 2224 279 os·

162 403 241 472 rlas.
286 399 377 468 Satis
398 397 537 471 multum
562 417 793 466 aerumnarum
811 396 1028 464 sustinebitis.
1072 394 1147 461 Vos
1198 407 1278 484 post
1297 397 1407 483 ipsum
1428 395 1619 463 imminebat
1641 396 1810 463 exereitus
1829 397 2187 486 maximusdegyptio·
2276 448 2279 452 »

156 492 302 557 iuvenes
324 485 404 553 nihil
426 498 484 552 aut
504 505 622 572 parum
643 485 738 550 scitis
750 486 793 550 de
813 483 879 551 baa
896 505 950 549 re:
967 503 1032 551 nos
1044 502 1147 550 senes
1199 505 1289 548 ram:
1311 483 1373 551 suit
1395 494 1475 550 tunc
1496 484 1739 570 Aegypuaaum
1757 488 2186 572 regnumpotentissimum.

163 576 311 643 scimus:
344 574 501 648 Quotidie
520 572 612 639 venit
632 567 756 658 aliquid
777 573 865 638 novi.
909 568 960 634 illi
990 572 1148 656 quisunt
1198 569 1322 656 loseph
1355 572 1528 637 constitnit
1560 581 1681 637 statum
1711 573 1783 637 eius
1816 574 1929 657 regni,
1964 575 2021 658 qui
2055 575 2187 641 duravit

164 662 352 729 confirmati
380 658 502 726 iiducia
527 659 563 725 ln
590 657 679 738 Deo,
712 655 838 724 habent
870 655 1145 723 consolationem.
1199 677 1307 723 annos
1332 651 1404 724 100.
1450 656 1520 723 Sed
1540 669 1663 742 postea
1684 658 1773 723 idem
1793 655 1877 725 illud
1898 678 2038 744 regnum
2060 655 2186 726 sactum

169 748 326 814 &abaci
342 746 401 835 qui
419 752 589 832 apertam
611 746 793 825 Dmairmm,
813 763 878 810 cort
898 739 1147 826 confundentur.
1199 755 1253 810 est
1273 741 1533 812 infensissimum
1554 745 1677 829 populo
1689 742 1765 809 Dei.
2219 795 2224 805 ,

164 834 321 902 Christus
342 830 414 900 vult
434 853 498 899 nos
511 851 605 909 asse.
621 831 835 913 confirmatos
864 830 943 910 fide,
970 842 1006 897 et
1027 830 1147 897 intueri
1187 854 1190 862 ¹
1287 828 1375 903 Quid
1396 831 1557 917 estquod
1579 832 1659 896 dicit
1680 829 1854 896 Psalmus:
1882 829 2029 894 meana
2049 830 2187 913 peditur

163 923 388 1010 praesentiam
404 920 511 1026 ipsius
531 919 567 984 in
580 919 760 986 aerumnis.
793 918 842 984 lta
863 915 1031 983 laniuntur
1051 938 1147 984 aeru-
1199 918 1275 982 meis
1293 917 1418 981 verbum
1439 919 1544 979 tuoni
1578 916 1837 1012 Comprehendit
1855 915 1954 983 simul
1976 918 2131 984 mandata
2154 927 2188 984 et

164 1028 275 1075 mnae.
317 1006 393 1072 Das
412 1014 462 1073 ast.
487 1006 640 1072 doctrina
672 1005 778 1086 vitae,
806 1024 875 1070 non
897 1000 1147 1090 speculationes
1197 1004 1449 1089 promissiones.
1494 1002 1543 1070 lta
1564 1001 1632 1070 hoc
1653 1005 1751 1070 etiam
1773 1006 1913 1070 dictum:
1934 1004 2074 1066 Parmam
2094 1023 2187 1088 quac·

164 1095 305 1161 otiosae.
1198 1093 1261 1156 rite
1281 1110 1409 1172 reputem
1429 1088 1504 1164 Dei,
1527 1097 1559 1155 et
1581 1098 1686 1154 cetam
1708 1091 1901 1154 adiicientes
1914 1090 2014 1157 cobis:
2036 1093 2187 1158 continet

250 1175 360 1246 Valde
376 1172 1050 1263 multumpeccanthomincsdll'iidantim
1069 1175 1147 1262 quia
1199 1190 1414 1263 praeceptum
1437 1188 1470 1243 et
1490 1178 1758 1262 promissionem.
1792 1176 2012 1262 Praeceptum
2034 1188 2101 1243 est:
2124 1177 2187 1244 Fa·

163 1288 186 1334 e
206 1263 389 1332 diffidentia
410 1267 603 1351 proceditur
634 1265 679 1331 ad
711 1261 852 1330 consilia
883 1265 1023 1343 initiata,
1046 1280 1147 1350 quae·
1200 1264 1265 1330 cite
1286 1283 1391 1350 opera
1412 1263 1601 1329 vocationis
1630 1264 1795 1344 docendo,
1828 1265 2002 1336 discendo,
2036 1266 2185 1351 regendo

161 1364 281 1420 rantur
301 1353 479 1438 praesidia,
507 1352 591 1418 finiit
618 1352 789 1438 practicae
817 1360 851 1416 et
879 1347 1028 1417 foedera.
1072 1348 1146 1414 Pin·
1198 1370 1262 1417 suo
1307 1353 1425 1436 uisque
1443 1346 1529 1417 loco.
1574 1350 1759 1417 Promissio
1781 1361 1847 1430 est,
1868 1350 1963 1416 Deus
1985 1352 2086 1419 vobis
2107 1352 2186 1416 ade-

161 1441 264 1506 darus
283 1440 363 1506 dicit
384 1458 463 1504 esse
486 1439 625 1526 gradum
647 1438 841 1522 sapientiae,
855 1438 1147 1523 praesentiarecte
1197 1438 1252 1502 rit.
1328 1438 1360 1504 io
1381 1455 1525 1503 necesse
1542 1448 1595 1502 est
1615 1448 1730 1503 tenere
1762 1437 1940 1504 discrimen
1972 1438 2057 1502 inter
2089 1457 2187 1523 prae·

161 1524 285 1610 facere,
305 1525 340 1590 ad
362 1524 461 1612 παρὸν
478 1525 678 1592 ricitacum:
695 1524 730 1588 in
751 1525 953 1610 praesentia,
976 1523 1038 1584 doe
1059 1521 1145 1598 tino,
1200 1534 1310 1610 cepta,
1330 1535 1364 1590 et
1407 1523 1638 1589 romissiones:
1661 1521 1752 1592 aliud
1775 1521 1917 1605 estlear,
1939 1521 2187 1609 alludestpro·

162 1613 225 1678 dua
244 1613 333 1675 recht
352 1615 409 1690 iet,
442 1621 476 1678 et
507 1633 575 1678 non
606 1612 736 1678 incerta
768 1630 831 1698 spe
852 1607 909 1676 vel
930 1620 1020 1675 metu
1042 1606 1145 1675 futuri
1200 1611 1327 1676 missio.
1407 1610 1506 1679 cinde
1538 1607 1661 1696 duplex
1694 1620 1747 1676 est
1779 1611 1972 1697 promissio.
2023 1609 2102 1675 Alia
2134 1620 2189 1676 est

186 1718 316 1766 cacare.
360 1697 486 1765 Dicunt
512 1718 592 1765 essa
613 1692 826 1785 Symbolum,
853 1693 911 1762 lilii
932 1695 1147 1781 imperatoris
1198 1696 1377 1781 promissio
1400 1697 1539 1784 gratiae,
1561 1717 1648 1782 quaa
1671 1696 1816 1784 loquitur
1844 1696 1886 1762 de
1907 1698 2055 1763 aeternis
2077 1697 2188 1777 bonis,

214 1787 267 1874 gis
289 1782 439 1872 Anglicir
461 1785 546 1850 Nec
567 1805 655 1871 spe,
676 1803 754 1849 nec
773 1796 892 1849 metu.
936 1782 1080 1861 Nescio,
1102 1801 1146 1848 an
1200 1802 1289 1871 quae
1311 1794 1362 1850 cst
1384 1784 1492 1871 ipsum
1515 1782 1747 1872 Evangelium,
1774 1784 1880 1871 gratis
1903 1782 2049 1849 offerens
2071 1784 2188 1848 remis·

162 1884 291 1938 tantum
309 1872 354 1936 sit
374 1872 409 1937 in
427 1891 467 1937 eo
485 1872 630 1950 roboris,
652 1882 689 1937 ut
699 1867 782 1935 nolit
800 1869 975 1935 discedere
997 1890 1018 1934 a
1040 1880 1148 1948 recto,
1200 1871 1327 1936 sionem
1348 1879 1580 1956 peccatorum,
1602 1869 1919 1948 reconciliationem,
1940 1882 1973 1936 et
2001 1869 2187 1936 haeredita·

161 1977 273 2044 neque
294 1977 368 2044 spe,
388 1978 497 2045 nequa
518 1970 624 2025 nictu:
645 1956 712 2020 Die
725 1956 931 2020 bermbobea
947 1954 1147 2018 catenaeileo
1199 1970 1266 2024 tem
1288 1958 1377 2023 vitae
1399 1967 1566 2023 aeternae.
1612 1955 1731 2023 Altera
1759 1958 1940 2042 promissio
1970 1969 2023 2023 est
2051 1976 2207 2021 consen

163 2043 337 2133 Symbola,
359 2048 419 2107 oie
439 2066 474 2106 es
490 2044 607 2126 imque.
1199 2043 1344 2111 rationis
1366 2041 1542 2110 Ecclesiae
1563 2043 1598 2110 in
1618 2041 1684 2110 hac
1706 2043 1787 2109 vita.
1832 2043 1876 2109 Et
1897 2043 1983 2109 baec
2009 2043 2187 2128 promissio

250 2131 287 2196 ln
308 2129 367 2197 illo
391 2132 495 2199 dicto:
516 2132 641 2213 Sufficit
662 2129 730 2193 diei
751 2131 904 2210 afflictio:
925 2125 1023 2195 simul
1034 2139 1148 2194 monet
1200 2131 1468 2196 conservationis
1501 2131 1677 2216 corporis,
1710 2127 1907 2210 Ecclesiae,
1940 2143 1991 2196 est
2025 2131 2188 2217 gratuita:

163 2215 331 2297 Christus,
353 2219 396 2283 de
416 2219 587 2304 patientia,
608 2227 645 2283 ut
662 2219 832 2303 sapienter
852 2227 887 2281 et
912 2215 1078 2302 patienter
1099 2213 1147 2281 se·
1199 2216 1346 2303 Propter
1367 2237 1418 2283 me
1434 2213 1569 2301 jaciam,
1590 2218 1707 2303 inquit.
1750 2215 1793 2282 Et
1815 2230 1926 2283 tamen
1953 2217 2101 2303 praemia
2130 2215 2188 2282 ad·

161 2325 275 2371 ramus
309 2316 504 2389 praesentes
536 2324 724 2371 aerumnas.
780 2303 879 2364 laeta
910 2323 1003 2364 cama
1036 2302 1148 2363 bonum
1199 2304 1320 2371 duntur
1339 2305 1437 2370 etiam
1459 2306 1629 2389 operibus,
1654 2323 1742 2390 quae
1764 2316 1886 2369 ornant
1908 2300 2049 2390 gloriam
2071 2300 2146 2368 Dei.

162 2392 226 2453 duo
247 2390 330 2453 malo
351 2400 433 2462 suat,
455 2393 560 2477 inquit
582 2389 764 2457 Pindarus:
783 2389 933 2450 Homines
946 2397 1045 2451 autem
1057 2387 1147 2451 multi
1284 2390 1323 2455 ln
1345 2391 1453 2456 dioto:
1497 2391 1656 2470 Quaerite
1687 2410 1822 2475 reputem
1853 2393 1937 2470 eet,
1970 2397 2001 2455 ei
2028 2390 2188 2457 iustitiam

161 2498 224 2543 uon
244 2480 346 2540 sarm:
367 2486 452 2540 recte
473 2478 640 2546 collocare,
662 2476 721 2538 ted
742 2478 901 2557 sapienties
920 2483 1036 2537 omitum
1054 2478 1147 2556 sorae
1198 2480 1276 2562 eius,
1299 2478 1446 2562 disputat
1466 2477 1634 2543 Oslander
1655 2479 1697 2543 de
1718 2479 1844 2543 iustitie
1862 2473 2047 2543 essentiali.

48 2611 57 2633 .
162 2565 258 2626 bona:
286 2564 356 2627 Wte
377 2585 427 2626 am
438 2565 535 2649 peltz,
556 2564 626 2626 lteri
646 2584 718 2626 mua
738 2563 800 2625 dar
816 2565 902 2643 scine
912 2564 969 2642 sar
984 2562 1038 2625 die
1053 2563 1145 2625 bate.
1284 2561 1441 2630 Christus
1464 2565 1560 2632 dicit:
1584 2564 1742 2644 Quaerite
1762 2565 1922 2630 iustitiam
1943 2564 2026 2628 Dei:

50 4476 60 4490 '
162 4473 256 4538 tatio.
301 4472 379 4536 Non
408 4472 525 4538 sinatis
553 4490 617 4536 vos
645 4471 766 4537 abduci
792 4472 835 4537 ab
864 4468 929 4537 hac
950 4471 1149 4554 interprete·
1197 4469 1275 4536 Non
1299 4471 1429 4538 debetis
1452 4485 1563 4538 antem
1592 4475 1758 4559 cogitare:
1803 4471 1878 4560 Ego
1904 4494 1948 4540 vo

161 2651 350 2716 Prudentes
382 2648 509 2730 leniunt
541 2647 641 2730 mala,
675 2661 832 2737 quantum
865 2661 1027 2734 possunt,
1061 2660 1145 2715 arte.

162 2735 248 2805 Sunt
270 2737 359 2804 dicta
379 2749 512 2825 sumpta
533 2759 576 2804 ex
597 2736 762 2804 communi
778 2736 989 2822 experientia,
1011 2746 1147 2802 etoom·
1259 2793 1264 2806 .

161 2821 427 2892 monefactiones
454 2826 576 2914 dignas
607 2825 885 2891 consideratione.
928 2823 1006 2890 Non
1038 2820 1146 2890 indul·
1247 2892 1250 2901 ,
1282 2820 1498 2908 Respondeo.
1542 2824 1594 2891 Sit·
1613 2825 1660 2889 ita
1680 2842 1786 2903 sane,
1819 2840 1864 2892 ne
1895 2818 2063 2910 litigemus
2092 2828 2188 2886 extra

160 2924 241 3064 §qia
264 2908 385 2992 dolori,
406 2913 469 2978 sed
490 2914 587 2979 vince
605 2908 755 2978 dolorem
775 2911 945 2997 aequitate
970 2911 1089 2989 animi,
1112 2920 1146 2976 at
1195 2912 1413 2995 propositum.
1457 2910 1580 2976 Nonne
1591 2909 1706 2976 llelias
1729 2921 1783 2977 est
1803 2912 1911 2976 iustus
1929 2911 2053 2976 iustitia
2070 2926 2188 2973 essen·

1309 2687 1400 2771 Erpa
1421 2686 1550 2752 iustitia
1572 2686 1740 2753 msouiuli
1758 2704 1867 2752 sumes
1888 2687 1978 2750 iesu.

239 3000 393 3086 aequitas
414 2998 514 3066 animi
536 3009 743 3066 sustentetur
764 2996 830 3064 fide
851 2999 1000 3065 intuente
1023 2996 1144 3064 Deum.
1195 2992 1278 3077 tiali,
1301 2994 1431 3062 scilieet
1452 2999 1487 3062 in
1508 2999 1577 3065 vita
1598 2997 1757 3064 aeternat
1801 2998 1871 3064 Sed
1892 2999 1927 3063 in
1948 2996 2016 3063 hac
2037 2997 2108 3062 vita
2129 3013 2187 3060 su·

1195 3103 1271 3150 mus
1293 3084 1371 3149 iusti
1388 3095 1526 3171 propter
1546 3085 1829 3167 misericordiam,
1857 3093 1993 3174 tegente
2013 3100 2079 3148 nos
2100 3078 2187 3146 Filio

1190 3166 1273 3250 Dei,
1294 3171 1351 3256 qui
1374 3180 1426 3235 est
1447 3169 1679 3238 umbraculum
1700 3183 1863 3252 nostram,
1884 3194 1947 3259 per
1974 3170 2063 3237 hunc
2083 3167 2186 3234 habe·

406 3324 472 3393 ax
492 3324 602 3392 min
621 3322 895 3394 masona·
1110 3371 1113 3376 -
1196 3276 1482 3423 :timuis
1499 3256 2187 3432 ,3⁰::t?,tit¹ti;¹5.:l.i:if¹‘1:2¹:
2279 3327 2285 3341 ·

1198 3427 1322 3495 clamat
1349 3428 1522 3498 Psalmus:
1566 3429 1702 3498 Saluum
1729 3453 1779 3498 me
1804 3428 1865 3514 fao
1891 3439 2031 3516 propter
2059 3429 2186 3496 mascri-

248 3515 340 3583 Usus
358 3515 457 3584 huius
486 3515 660 3584 concionis
688 3527 741 3583 est
770 3513 954 3583 consolatio
981 3515 1146 3583 adversus
1197 3516 1356 3582 cordiam.
1406 3517 1443 3582 ln
1476 3516 1546 3582 vita
1577 3531 1716 3585 aeterna
1748 3518 1947 3585 babebimus
1979 3534 2187 3583 consumma·

106 3610 111 3616 “
162 3607 363 3671 tentationes
386 3605 420 3669 in
442 3605 621 3670 vocatione
641 3604 685 3668 de
705 3605 816 3683 victu,
839 3600 1046 3682 defensione,
1070 3622 1147 3670 suc·
1197 3615 1266 3668 tam
1287 3603 1455 3684 iustitiam,
1477 3604 1512 3667 in
1534 3626 1601 3690 qua
1623 3607 1684 3671 erit
1705 3604 1801 3671 Dens
1820 3606 1929 3670 omnia
1957 3606 1993 3669 in
2015 3602 2187 3668 omnibus:
2290 3671 2293 3676 ,

162 3711 277 3770 cessa,
311 3702 444 3757 eventu.
486 3687 700 3776 Exemplum:
733 3687 860 3756 Paulus
892 3690 1030 3756 mittitur
1061 3691 1147 3756 inter
1220 3689 1289 3754 uod
1320 3687 1424 3776 aliqui
1457 3704 1642 3775 exponant:
1695 3693 1849 3771 Quaerite
1878 3693 2021 3776 primum
2053 3707 2189 3775 reptatio

161 3778 289 3845 medias
311 3787 442 3864 gentes,
463 3778 542 3842 item
552 3775 682 3857 Moses,
704 3776 748 3843 od
763 3785 1008 3860 tempotentam
1021 3766 1165 3864 regem'
1234 3777 1280 3840 ei:
1313 3775 1348 3840 id
1381 3787 1457 3858 est,
1486 3780 1635 3864 quaerite
1663 3780 1766 3845 vitam
1795 3789 1976 3857 aeternam,
1999 3775 2055 3841 vol
2076 3777 2187 3863 ipsum

160 3864 309 3951 Uterque
332 3865 506 3951 cogitanti3
533 3864 709 3939 Quomodo
740 3865 803 3929 erit
829 3864 888 3928 tibi
908 3860 1086 3949 possibile,
1109 3873 1148 3930 ut
1196 3861 1308 3930 Deum
1331 3863 1464 3930 dantem
1487 3865 1589 3931 vitam
1610 3878 1795 3947 aeternam,
1816 3867 1905 3931 idem
1928 3873 1999 3930 est:

161 3949 287 4038 aliquid
308 3953 389 4016 boni
410 3949 562 4016 efficias?
582 3948 671 4016 lilasi
693 3951 791 4017 etiam
810 3950 977 4017 obiicitur:
999 3948 1052 4015 Tu
1073 3955 1148 4036 per-¹
1196 4011 1201 4018 .
1282 3947 1386 4015 Aliud
1407 3963 1651 4036 argumentum.

163 4039 224 4104 des
245 4058 309 4105 nos
331 4058 459 4117 omnes,
479 4048 529 4103 tot
550 4034 663 4103 millia.
707 4037 756 4105 lta
777 4033 1027 4122 impossibilitas
1047 4056 1147 4122 appa·
1283 4036 1408 4102 Textns
1431 4039 1527 4106 dicit:
1560 4038 1737 4117 Quanto:
1764 4036 1856 4125 Erpa
1876 4039 2028 4105 voluntas
2049 4035 2191 4101 bummta

162 4146 254 4204 rens,
276 4137 309 4191 et
330 4122 481 4211 pericula
502 4134 629 4190 terrent
649 4143 726 4189 nos.
771 4123 840 4188 Sed
862 4125 896 4188 in
919 4124 1080 4189 eiusmodi
1093 4142 1147 4188 ca·
1197 4129 1305 4208 potest
1325 4142 1387 4208 per
1403 4143 1439 4189 se
1460 4126 1606 4211 adipisci
1624 4125 1686 4191 boc
1708 4127 1842 4193 bonum
1871 4123 1948 4204 vel,
1977 4125 2067 4210 Erpa
2089 4130 2138 4189 est
2154 4122 2191 4187 io

163 4213 268 4291 sibus,
299 4213 465 4277 tenendae
498 4221 577 4276 sunt
604 4208 743 4297 regulae
771 4213 874 4276 vitae:
901 4209 941 4271 Iu
965 4212 1149 4291 praeceptis
1197 4211 1322 4275 nostris
1341 4212 1468 4277 mribus
1487 4215 1641 4297 posilttm,
1662 4220 1698 4276 ut
1715 4209 1873 4295 testamur
1893 4215 1963 4278 uita
1985 4220 2133 4277 aeterua.

162 4302 239 4360 ateis
260 4298 393 4361 abolete.
436 4297 531 4363 llam:
561 4295 750 4362 Commendo
775 4297 914 4360 Domino
942 4300 1024 4358 ulam
1050 4303 1145 4364 tuana
1261 4294 1498 4383 Respondes.
1544 4299 1623 4364 Non
1650 4300 1816 4385 sequitur:
1845 4301 1907 4365 setl
1935 4297 2189 4386 intelligendum

71 4422 75 4431 ·
120 4408 132 4426 ·
163 4383 229 4450 Via
250 4383 416 4473 significat
438 4384 660 4451 vocationem.
693 4381 787 4449 llaec
808 4395 861 4449 est
882 4402 965 4449 vera
987 4385 1148 4468 interpre·
1198 4393 1274 4463 est,
1297 4383 1476 4466 eraerite,
1512 4384 1643 4451 scilicet
1675 4385 1829 4451 trahente
1850 4384 1926 4452 Deo
1949 4406 2022 4536 ξεν,
2037 4388 2187 4538 qlcrlbum.

1964 4494 1985 4537 o
2070 4496 2090 4537 u
2108 4494 2167 4537 rr

161 4559 254 4625 tione
273 4556 410 4624 insulsis
432 4556 559 4646 glossis
580 4578 707 4638 eoram,
740 4558 797 4645 qui
820 4558 949 4638 dicunt,
978 4558 1068 4644 quod
1095 4559 1148 4618 oia
1198 4554 1439 4641 voluptatibus,
1463 4569 1497 4624 et
1520 4559 1832 4642 expectare,danec
1853 4561 1978 4626 trahar.
2013 4496 2092 4624 ιἰιῐηο
2105 4492 2189 4626 ἵετε

162 4646 330 4732 significet
349 4647 384 4710 in
405 4665 530 4733 genere
551 4664 669 4711 omnes
690 4646 857 4712 actiones:
884 4647 952 4709 imo
978 4643 1148 4730 significat
1197 4645 1290 4710 iubet
1311 4655 1345 4709 te
1367 4642 1462 4709 Dens
1486 4646 1602 4711 audire
1625 4648 1780 4727 verbum,
1809 4658 1843 4713 et
1864 4649 2010 4712 abiicere
2032 4645 2187 4732 proposi·

163 4732 387 4810 vocationem,
419 4742 453 4797 et
485 4732 637 4798 actiones
668 4732 704 4797 in
731 4731 907 4797 vocatione
930 4732 1104 4796 mandatas
1126 4750 1148 4795 a
1197 4743 1267 4798 tum
1289 4733 1465 4816 peccandi.
1508 4732 1581 4798 Nec
1603 4734 1723 4798 tractio
1745 4731 1963 4823 intelligenda
1986 4744 2038 4798 est
2061 4733 2103 4799 de
2132 4754 2188 4799 co·

163 4815 249 4883 Deo.
296 4814 420 4884 Paulus
442 4828 612 4885 sustentas
645 4837 685 4884 se
711 4815 777 4883 bac
806 4814 1052 4883 consolatione:
1085 4817 1150 4888 Qua·
1198 4819 1345 4895 actione,
1367 4830 1426 4883 aut
1448 4828 1546 4903 raptu
1567 4817 1727 4885 violento.
1773 4819 1853 4886 Ideo
1877 4823 2080 4887 dictumest:
2102 4818 2187 4887 iio·

162 4904 255 4969 dedu
273 4904 361 4975 velie,
380 4903 472 4966 dabit
489 4907 650 4987 perficere,
673 4913 709 4967 at
729 4908 796 4987 ipae·
811 4908 901 4986 fimet,
920 4903 1028 4989 obque
1039 4912 1146 4986 prato.
1198 4904 1247 4970 itit
1267 4908 1372 4977 Date.
1396 4906 1456 4971 sed
1475 4909 1632 4972 colestem
1653 4906 1774 4973 trabit:
1817 4906 1861 4973 Et
1881 4908 2116 4974 Nazianzenus
2138 4907 2188 4973 in·

162 4990 279 5056 Moses
301 5008 341 5055 sa
362 5002 397 5056 et
416 4990 577 5077 populum
599 4993 696 5081 erigit
717 4989 782 5059 bac
824 4991 1036 5058 romissione:
1058 4991 1150 5059 State
1199 4991 1288 5078 quit:
1314 4990 1428 5057 Omnis
1449 4994 1559 5060 cirtem
1580 5017 1603 5060 a
1624 4993 1699 5061 Deo
1721 5004 1785 5061 est:
1807 4996 1910 5062 datur
1932 5001 2037 5060 auton
2058 4996 2189 5061 uocatu

162 5085 194 5144 et
215 5077 363 5144 videbitis
381 5078 543 5161 mapnoliu
563 5078 640 5145 Dei.
683 5077 776 5146 Dicit
799 5016 887 5160 loc,
916 5079 1051 5165 quando
1075 5088 1150 5145 erat
1199 5087 1232 5144 et
1252 5080 1488 5160 amicantibus,
1519 5099 1587 5146 uon
1617 5083 1885 5169 repopoontibrs.
1929 5082 2002 5147 Nos
2025 5081 2186 5148 debemus

161 5165 198 5232 in
218 5185 347 5233 summo
366 5163 538 5252 periodo:
559 5177 638 5233 ante
662 5184 702 5232 se
721 5166 871 5234 babebat
890 5184 983 5233 mare
999 5166 1150 5246 rubrum,
1199 5182 1390 5254 repugnare
1410 5166 1668 5248 incredulitati,
1686 5179 1721 5236 et
1741 5179 1879 5256 petere,
1907 5181 1944 5236 ut
1964 5166 2061 5234 Deus
2082 5170 2186 5249 iuvet,
