4620 5588
151 188 218 257 bib
791 188 904 257 Plllls.
926 187 1029 257 nuh.
1050 184 1239 260 summ
1260 184 1526 255 extremos.
1833 242 1836 248 ,
2099 186 2169 260 m

149 379 327 533 gnitum
349 381 413 460 ⁸⁰³2
436 389 470 444 ά
491 376 639 446 ntorum.
683 377 750 444 Per
769 375 827 443 5¹¹⁸
848 398 932 500 5¹8⁰
953 379 1136 447 mmmm
1358 380 1479 466 Unde
1510 397 1574 466 est
1603 411 1756 469 nomen
1786 382 1980 472 Diabolii

187 486 249 532 aus
278 467 501 533 communicat
531 486 628 530 suam
668 464 862 531 bonitatem.
896 462 969 530 uult
1001 485 1061 550 per
1093 485 1135 530 aa

152 573 250 707 ¹offilo
267 549 511 703 f⁸r¹⁶lif⁶⁸⁰gf
534 553 669 703 datittzas
692 571 828 616 snorum
850 549 1057 701 inlproeliisr
1079 553 1135 617 bc·
1185 544 1652 701 nongini’olitiniiifffiffl
1667 546 1956 703 calurpirgialportmt
1977 551 2167 707 madal&

152 658 456 792 umtillloailln
479 659 575 790 ellel:
595 656 892 802 vopugmmpnff
907 657 1135 790 {334¹ssss
1185 732 1221 786 ct
1249 655 1445 801 oalumrliis,
1479 656 1601 806 quillis
1634 655 1968 807 dliiaratevierbuln
1981 660 2073 793 mgei.
2127 725 2167 793 ltl

153 813 364 898 corporibus
387 812 420 876 in
438 808 644 897 depellendis
666 807 836 895 periculis.
1185 805 1275 893 quod
1298 802 1378 870 iecit
1405 808 1517 873 statim
1543 808 1579 873 in
1605 806 1787 888 samaim,
1813 831 1890 876 cum
1919 813 2060 879 diceret:
2074 863 2079 872 .
2092 813 2167 875 Nos

240 896 338 964 Haud
360 899 460 964 dubie
478 908 556 964 sunt
572 897 710 962 assidua
722 896 901 963 certamina
917 895 1004 962 inter
1027 898 1136 961 honos
1185 893 1374 963 moricida&
1397 890 1502 955 Eritis
1521 895 1604 958 riost
1623 894 1694 962 Dii.
1723 894 1781 961 Sic
1802 898 1945 962 creeris
1965 900 2065 966 etlam
2086 911 2166 966 tom-

154 997 189 1050 et
209 981 318 1049 malos
340 981 493 1071 angelos.
538 984 632 1049 Sicut
654 981 776 1071 legitur
796 983 831 1046 in
853 979 1005 1066 Epistola
1023 981 1135 1063 indua,
1185 978 1323 1129 poribus
1345 979 1518 1046 mmdacia
1538 997 1603 1046 sua
1625 994 1774 1047 exercet:
1796 984 1937 1067 praebet
1951 985 2166 1053 occasionem

154 1072 245 1159 quod
266 1067 432 1136 Diabolus
454 1067 559 1136 voluit
580 1070 646 1135 alio
669 1066 855 1136 transferre
878 1088 1002 1154 corpus
1023 1066 1135 1147 bloisi,
1198 1060 1676 1151 dololatriae,etopioionibus
1684 1066 1869 1143 haereticis,
1882 1073 2053 1138 constituit
2061 1070 2166 1154 idola,

153 1167 191 1226 ut
211 1147 422 1237 adoraretur,
434 1168 468 1222 at
490 1157 541 1221 sic
558 1152 779 1222 idololatriam
801 1152 984 1232 stabilirem
1006 1155 1136 1221 sedam
1186 1150 1301 1216 incitat
1322 1151 1458 1231 multos,
1475 1166 1513 1219 ιιι
1534 1166 1697 1242 spargant
1718 1153 1891 1236 haereses,
1911 1154 2019 1225 iuudit
2041 1160 2167 1246 opinio·

153 1239 221 1398 ἕΙὶ
244 1244 386 1329 eripiunt
408 1244 438 1309 ei
461 1262 585 1327 corpus
607 1241 729 1324 Moisi,
762 1254 795 1306 et
827 1241 907 1307 vivit
933 1243 998 1307 iam
1018 1239 1137 1307 Moses
1187 1254 1249 1302 uas
1281 1256 1424 1322 pravas,
1455 1249 1619 1390 ιιιιιᾏιιιιιι
1647 1239 1800 1308 nebulas.
1853 1241 1929 1310 lion
1960 1264 2099 1331 possum
2120 1246 2195 1312 ot·

211 1349 274 1395 suo
297 1349 441 1414 corpora
464 1350 538 1396 cum
561 1329 637 1395 Deo
670 1328 702 1391 in
731 1328 798 1393 vita
819 1339 973 1393 aeternat
995 1327 1083 1392 sicut
1104 1338 1138 1393 et
1188 1342 1283 1402 cers,
1314 1324 1482 1410 quomodo
1514 1327 1525 1390 i
1577 1325 1653 1406 liat,
1686 1328 1746 1393 ssd
1780 1347 1877 1395 exem
1900 1327 1943 1396 lis
1977 1333 2168 1398 nodamus.

153 1412 260 1494 lilius,
273 1428 310 1480 ut
331 1427 557 1501 apparuerunt
578 1416 674 1480 etiam
697 1415 730 1479 in
753 1415 824 1479 suis
837 1414 1033 1500 corporibus
1046 1410 1137 1479 Chri·
1187 1406 1303 1496 Magni
1323 1424 1401 1477 suot
1418 1408 1564 1492 sorores,
1584 1433 1672 1499 quos
1694 1415 1817 1479 excitat
1836 1351 2080 1484 {ulammaus
2088 1414 2168 1484 Dia·

155 1512 221 1568 sto.
264 1499 342 1567 Non
364 1503 500 1568 dubium
520 1513 574 1567 est
595 1496 814 1566 idololatriam
837 1501 977 1584 primum
1006 1501 1057 1567 sic
1080 1520 1137 1566 cx·
1187 1492 1300 1575 bolus,
1316 1497 1372 1583 qui
1393 1509 1544 1584 pugnant
1570 1500 1668 1564 ctiam
1690 1512 1808 1567 contra
1828 1511 1989 1569 naturam
2024 1503 2168 1571 bladaae

154 1599 261 1655 ortam
284 1606 373 1661 esse,
384 1589 475 1674 quod
498 1608 574 1654 cum
595 1583 815 1673 sepelirentur
826 1606 969 1672 corpora
990 1596 1136 1652 mortuo·
1187 1579 1314 1649 iactum
1337 1594 1391 1648 ost
1412 1582 1607 1670 simpliciter
1633 1597 1752 1654 contra
1773 1600 1941 1670 naturam:
1967 1588 2045 1676 ipsa
2096 1610 2167 1658 rac·

155 1694 228 1740 rum
250 1685 401 1759 patrum,
429 1675 635 1760 primosum
657 1675 804 1739 venerati
828 1670 1138 1759 sepulchrum3po·
1188 1667 1246 1733 bet
1268 1670 1417 1735 mamhra
1445 1670 1568 1737 utenda
1591 1668 1748 1753 Diuholo,
1780 1675 1916 1760 quaudo
1943 1675 2102 1744 interficit
2127 1675 2168 1744 li·

156 1770 232 1826 ntea
252 1757 358 1839 illum,
378 1760 435 1846 qui
456 1757 608 1846 sepultus
626 1772 721 1839 erat,
753 1755 905 1825 feceruut
927 1759 1057 1826 Douma
1086 1760 1138 1824 sio
1189 1755 1302 1820 beros.
1346 1754 1407 1822 Sic
1428 1758 1462 1821 in
1485 1756 1687 1843 corruptelis
1707 1759 1880 1825 doctrinae
1894 1772 2008 1848 potest
2023 1761 2167 1833 nebulas

154 1843 313 1932 paulatim
336 1847 441 1912 crevit
474 1843 685 1926 idololatria,
718 1855 751 1911 et
772 1842 936 1911 Diabolus
969 1842 1139 1911 transtulit
1188 1837 1362 1908 offundere
1383 1843 1561 1924 cordibus,
1583 1841 1640 1910 vel
1665 1842 1783 1911 saltem
1810 1845 1973 1914 inclinare
1995 1849 2113 1930 corda,
2134 1862 2168 1916 et

84 1994 89 2013 ,
154 1928 343 2019 aliquorum
364 1931 534 1998 hominum
556 1952 699 2018 corpora
720 1933 753 1997 in
775 1943 902 1998 certum
923 1929 1055 2011 locum,
1081 1931 1138 1997 ubi
1189 1940 1472 2008 vexaremsntes,
1493 1941 1621 1996 utnon
1643 1930 2168 2016 bruritersssentianturveritati,

155 2029 276 2105 postea
293 2019 463 2084 institutus
484 2032 538 2083 est
560 2016 731 2098 cultus,ut
749 2019 969 2083 adorarentur
983 2015 1042 2083 illa
1063 2038 1138 2083 cor·
1189 2013 1251 2079 sed
1278 2025 1314 2079 ut
1342 2016 1496 2094 audiant,
1527 2025 1562 2081 et
1591 2019 1700 2104 magis
1728 2019 1901 2169 maziaque
1929 2021 2104 2100 deficiant,
2132 2031 2168 2090 et

200 2126 252 2170 ra:
272 2104 359 2170 sicut
380 2105 494 2172 dicunt
515 2105 559 2170 de
581 2103 661 2170 love
683 2103 877 2170 llammone.
922 2100 983 2170 lile
1004 2100 1064 2169 fuit
1086 2102 1138 2170 Fi·
1189 2111 1383 2164 avertuntur
1400 2123 1421 2166 a
1443 2100 1528 2167 Deo.
1574 2102 1667 2168 llacc
1690 2117 1768 2170 sunt
1813 2108 1957 2171 orrenda
1973 2127 2015 2172 co
2053 2120 2168 2174 tatuet

170 2189 178 2209 '
232 2189 326 2256 Noae
338 2188 457 2272 cham,
474 2193 704 2277 cuiuscorpus
727 2192 759 2256 in
781 2188 875 2256 illum
896 2187 1008 2257 locum
1030 2200 1139 2256 trans·
1187 2185 1314 2265 auditu,
1336 2197 1370 2250 et
1391 2208 1458 2272 quo
1481 2188 1588 2275 magis
1622 2191 1823 2276 cogitantur,
1852 2212 1893 2257 eo
1926 2110 2168 2260 suntliorrihi·

113 2299 135 2305 ··
154 2271 257 2343 hrum
279 2288 334 2342 est
353 2296 374 2341 a
396 2273 551 2344 Diabolo,
1187 2268 1290 2336 liorat
1314 2270 1495 2358 Propterea
1515 2277 1620 2340 simus
1642 2278 1875 2358 modestiores,
1886 2276 2105 2345 adhibeamus
2121 2282 2168 2347 di·

242 2363 311 2429 Sed
333 2373 370 2430 ut
390 2384 434 2430 nn
459 2362 586 2431 olorum
613 2359 726 2428 officia
754 2360 873 2428 melius
901 2359 1004 2428 intelli
1029 2373 1138 2443 antur,
1188 2353 1358 2443 ligentiam
1391 2360 1424 2423 in
1458 2360 1614 2448 regendis
1637 2364 1786 2430 moribus
1819 2376 1852 2430 et
1875 2368 2046 2431 cavendus
2069 2387 2168 2433 occa·

155 2450 408 2517 consideremus
436 2385 568 2516 iostem
595 2460 769 2516 auctorum
799 2451 942 2515 omnium
1032 2468 1138 2529 orum,
1189 2443 1340 2511 sionibus
1362 2455 1397 2509 et
1418 2444 1604 2552 illecebris,
1632 2460 1666 2515 et
1688 2452 1824 2516 assidue
1851 2462 2003 2537 petamus
2026 2455 2168 2543 nosqde-

155 2554 198 2604 ax
219 2532 399 2603 Antithesi.
444 2533 601 2602 Christus
623 2534 757 2601 loannis
777 2537 809 2602 8.
832 2537 993 2602 describit
1014 2532 1137 2602 Diabo·
1188 2527 1280 2597 feudi
1302 2541 1420 2596 eontra
1440 2532 1627 2600 Diaboleno

154 2618 221 2704 los,
242 2620 360 2708 quales
378 2623 455 2689 sint
498 2622 610 2691 luban.
632 2622 664 2689 8.
698 2621 855 2685 cimaea
882 2630 929 2684 sat
949 2621 1088 2684 menduc
1107 2628 1139 2685 st
1276 2614 1322 2696 ls,
1348 2629 1385 2683 ut
1407 2619 1490 2699 dixi,
1511 2621 1651 2704 primum
1673 2633 1727 2687 est
1748 2623 1908 2700 mendax3
1930 2625 2006 2709 quia
2029 2628 2169 2710 praebat

154 2707 323 2773 bmieido.
1190 2704 1405 2770 occasionem
1416 2704 1525 2786 idolis,
1545 2707 1653 2791 impiis
1676 2706 1831 2790 cultibus,
1852 2708 2031 2776 haereticis
2043 2711 2169 2796 opinio·

157 2832 160 2838 ι
1189 2790 1298 2855 nibus.
1343 2789 1556 2878 Singulorum
1584 2794 1684 2859 etiam
1709 2805 1839 2861 mentes
1868 2807 1986 2877 vexat,
2015 2808 2052 2863 ιιι
2075 2798 2169 2864 dubi·

1189 2885 1262 2981 tcnt
1283 2876 1326 2981 de
1347 2875 1433 2957 Deo,
1456 2890 1493 2945 ut
1513 2899 1582 2945 non
1597 2881 1802 2986 accipiamus
1819 2880 2170 2950 firmoassensucom·

208 3040 325 3145 Quae
357 3041 463 3125 mala
493 3040 635 3124 tribuit
665 3037 853 3126 Christus
884 3039 1086 3127 Diaboloi
1189 2973 1460 3117 ¹senrlndlilillilicirta
1473 2965 2171 3138 ppgrpgplstffithpr‚dgrpffiptiossrldp‚·:t

1189 3132 1411 3219 Epicuracum
1434 3149 1658 3224 contemptum
1679 3136 1756 3206 Det
1800 3137 1895 3206 Alias
1919 3143 2017 3209 etiam
2038 3143 2169 3208 menda-

245 3224 276 3290 i.
320 3223 544 3306 Mendacium,
566 3226 656 3313 quod
677 3225 721 3289 sit
741 3234 837 3310 pater
858 3234 892 3289 et
908 3233 1028 3290 auctor
1048 3244 1137 3290 men·
1191 3220 1242 3287 cia
1263 3218 1404 3307 plurima
1426 3236 1505 3290 sunt
1534 3227 1568 3291 in
1590 3222 1733 3291 humana
1755 3227 1834 3292 vito.
1878 3226 1937 3289 An
1964 3251 2001 3292 zu
2020 3229 2171 3293 ,mmm

157 3312 256 3380 dacii.
300 3310 331 3375 2.
365 3310 600 3378 Homicidium:
623 3312 759 3397 Spargit
774 3311 875 3396 igitur
896 3311 1082 3382 mendacia,
1104 3312 1139 3377 id
1190 3307 1249 3372 der
1269 3306 1367 3391 konip
1389 3309 1538 3377 confodit
1559 3331 1654 3378 suam
1677 3314 1852 3400 coniugem
1870 3316 2061 3400 gravidam
2081 3317 2171 3378 ertit

157 3409 222 3478 ost,
268 3418 369 3464 raras
391 3413 424 3465 et
445 3399 563 3483 impias
584 3399 759 3484 opiniones
781 3399 824 3463 da
845 3397 937 3477 Deo,
966 3409 999 3464 et
1027 3395 1139 3464 cultus
1189 3413 1356 3476 manaen:
1376 3408 1496 3480 postea
1517 3395 1611 3464 duxit
1633 3411 1726 3484 quot,
1749 3410 1782 3465 et
1823 3420 1883 3464 uas
1901 3400 2018 3467 voluit.
2061 3401 2097 3467 ln
2119 3412 2171 3468 ta·

156 3418 403 3552 idololatricosr
425 3485 574 3551 obtrudit
595 3484 742 3551 mirificis
771 3485 1005 3551 occasionibus
1028 3505 1139 3550 exem·
1189 3477 1279 3547 libus
1320 3480 1482 3569 exemplis
1516 3487 1767 3552 consideremus
1799 3420 1936 3552 latacen
1976 3489 2170 3574 potentiam.

179 3568 213 3637 la
234 3568 458 3638 idololatricae
482 3572 582 3638 etiam
599 3570 768 3639 miraculis
789 3572 908 3637 invitat
929 3570 1081 3637 homiues
1095 3572 1139 3638 ad
1190 3563 1286 3634 Deus
1308 3570 1466 3653 permittit
1493 3569 1572 3636 talia
1605 3571 1694 3653 fieri,
1726 3585 1763 3640 ut
1796 3575 1982 3659 cogitemus
2015 3594 2170 3662 magnam

155 3591 388 3726 idololatriam.
435 3656 499 3738 Ut,
529 3656 701 3745 Tubingac
729 3659 892 3745 quasdam
924 3655 1037 3723 vetula
1058 3676 1138 3724 sus·
1191 3671 1271 3721 esse
1284 3658 1472 3740 potentiam
1495 3654 1641 3739 Diaboli,
1671 3670 1706 3724 et
1727 3671 1763 3725 ut
1780 3659 2010 3746 coniugiumue
2032 3662 2076 3725 ad
2098 3663 2170 3747 opi·

155 3744 272 3831 pendit
293 3745 416 3810 donum
439 3745 482 3808 ad
515 3745 681 3832 quandum
714 3764 807 3810 aram
828 3742 972 3809 Mariae:
1006 3744 1139 3810 dicebat
1191 3737 1368 3822 tulatoram
1390 3754 1424 3808 ct
1446 3740 1657 3811 defensorem
1678 3743 1796 3812 Filium
1819 3744 1882 3814 Dei
1901 3745 2171 3814 llichuelemna·

155 3849 196 3897 se
224 3831 369 3897 adiutam
397 3850 476 3896 esse
505 3831 538 3895 in
571 3831 717 3917 quodam
751 3830 906 3916 negotio,
938 3850 1138 3917 quamquam
1190 3839 1306 3892 strum
2167 3868 2170 3873 -

156 3912 256 3985 maio.
301 3916 350 3983 lbi
372 3917 483 3983 statim
506 3918 540 3981 in
573 3918 736 3983 concione
767 3928 884 4002 pastor
915 3917 986 4002 agit
1011 3918 1138 4003 gratias
1276 3911 1409 3980 Deinde
1441 3925 1494 3980 eat
1522 3915 1699 3982 homicida.
1754 3916 1791 3983 ld
1825 3938 1959 4005 quoque
1995 3918 2107 3984 statim
2134 3919 2169 3983 in

155 4001 295 4082 hieriae,
318 4005 431 4087 coepit
452 4001 589 4071 laudare
604 4000 771 4068 fortunam
788 4002 913 4088 oppidi,
928 4004 1020 4088 quod
1030 3999 1139 4070 biario
1191 3998 1355 4069 Paradiso
1368 4002 1526 4070 ostendit.
1553 4002 1704 4069 Coniecit
1715 4023 1824 4091 genus
1842 4004 2021 4070 humanum
2031 4005 2066 4070 in
2081 4025 2171 4071 mor-

156 4106 252 4157 tuam
275 4088 483 4157 clementiam
504 4110 588 4179 erga
610 4091 767 4175 oppidum
783 4091 883 4156 etiam
905 4090 976 4155 suis
998 4088 1141 4157 miracu·
1191 4096 1269 4166 tem,
1287 4098 1321 4153 et
1337 4085 1448 4155 adhuc
1465 4089 1602 4156 assidue
1637 4092 1753 4156 raebet
1763 4092 1962 4158 occasiones
1984 4091 2171 4158 homicidiis

155 4172 201 4243 lis
236 4176 464 4244 confirmarem
497 4177 696 4244 hortabatur
727 4173 911 4262 populum,
940 4186 979 4243 ut
1010 4172 1140 4244 coleret
1192 4174 1347 4258 privatim
1368 4187 1402 4240 et
1446 4171 1568 4244 ublice.
1611 4112 1754 4262 inspirat
1775 4196 1879 4263 saepe
1905 4179 2044 4263 privatis
2065 4176 2171 4243 bomi-
2201 4203 2205 4210 ·

156 4260 309 4340 Mariam,
321 4273 354 4328 et
375 4264 604 4332 demoraretur
622 4283 694 4328 eam
705 4264 776 4329 suis
788 4259 921 4328 officiis.
964 4262 1038 4325 Dus
1056 4261 1141 4328 risit
1192 4261 1290 4327 nibus
1312 4261 1427 4328 mirah'
1444 4263 1506 4327 'ter
1526 4264 1670 4330 animum
1688 4260 1832 4330 faciendi
1846 4265 2000 4340 caederuz
2013 4267 2107 4330 cuius
2119 4264 2170 4330 rei

157 4348 216 4413 der
238 4349 345 4431 tcuffd
362 4370 415 4422 un,
432 4348 570 4437 instigat
591 4346 746 4425 vetulam,
767 4350 859 4415 iuvat
877 4348 975 4414 etiam
996 4350 1031 4415 in
1051 4345 1140 4417 mala
1192 4359 1271 4416 suut
1292 4346 1446 4434 exempla
1466 4347 1619 4436 plurima.
1661 4349 1835 4438 'lithingae
1856 4362 1929 4416 erat
1950 4352 2095 4437 quidam,
2112 4349 2178 4436 qui‘

157 4454 296 4503 causam
318 4433 421 4502 stulta
442 4435 617 4503 multitudo
638 4435 797 4514 accurrit,
813 4448 847 4502 et
856 4432 1023 4503 Diabolus
1044 4433 1142 4503 aillat
1191 4433 1337 4503 habebat
1358 4436 1547 4522 opinionem
1567 4437 1756 4523 probitatis,
1778 4435 1860 4504 nihil
1881 4435 1960 4502 mali
1971 4435 2169 4504 anteaieco·

157 4535 298 4588 mentes.
343 4521 520 4596 Quomodo
541 4521 602 4588 illa
619 4521 714 4602 fiant,
734 4540 802 4588 non
825 4534 938 4608 potest
958 4524 1044 4589 satis
1057 4523 1140 4590 dte-n
1192 4535 1257 4593 rat,
1278 4519 1477 4588 venitalius
1498 4522 1533 4588 in
1555 4522 1747 4609 hospitium,
1769 4527 1827 4591 uhi
1848 4519 1906 4590 iile
1927 4536 2011 4590 erat.
2054 4523 2088 4590 ls

157 4605 205 4679 a·
223 4611 270 4671 ist
289 4607 365 4672 aber
386 4609 563 4674 dirivatur.
609 4607 719 4697 Saepe
741 4623 854 4675 movet
874 4607 1041 4689 affectum,
1086 4630 1142 4675 ua·
1193 4607 1266 4674 tivit
1286 4609 1329 4673 ab
1353 4627 1413 4681 eo,
1446 4620 1482 4673 ut
1510 4610 1693 4676 deduceret
1713 4613 1822 4696 ipsum
1850 4631 1912 4697 per
1933 4609 2065 4677 silvam.
2149 4628 2171 4676 e

155 4689 334 4782 Quoque
355 4696 386 4763 is
408 4708 472 4777 est,
493 4707 526 4765 et
546 4694 701 4765 abacum
724 4692 862 4847 impellit
887 4696 930 4762 ad
949 4707 1040 4763 terra
1060 4629 1142 4763 itici-
1192 4694 1369 4760 comitatur
1396 4714 1490 4775 cum,
1519 4698 1718 4785 peregrinus
1739 4698 1929 4783 praecedit3
1962 4695 2178 4788 Monstrator‘

156 4800 260 4854 noro:
282 4784 372 4851 sicut
392 4783 558 4851 iohannes
580 4784 685 4870 inquit
706 4785 749 4849 de
787 4782 869 4850 udae
889 4781 1029 4846 Sctmoe
1043 4785 1142 4846 intra·
1183 4782 1268 4848 'visa
1288 4782 1459 4866 sequiturc
1481 4781 1584 4849 Venit
1604 4784 1635 4849 ci
1656 4785 1690 4848 in
1711 4795 1866 4861 mentem,
1888 4796 1925 4850 ut
1938 4785 2172 4869 suspicaretur

157 4871 205 4943 ait
220 4870 255 4930 or
275 4888 353 4934 eum
376 4870 557 4950 satanas,
571 4870 609 4941 ld
632 4881 697 4949 est,
719 4870 911 4955 impeditor,
934 4867 1066 4936 scilicet
1087 4889 1142 4935 or·
1193 4869 1404 4955 peragrinum
1425 4867 1552 4936 habam
1577 4889 1693 4936 secum
1714 4871 1888 4956 pecunias,
1910 4871 1988 4955 quia
2008 4869 2172 4938 noluisset

157 4953 257 5034 dinis,
279 4967 313 5022 et
335 4958 448 5043 operis
458 4955 536 5026 Dei·
561 4956 649 5021 'Dor
664 4957 727 5023 doe
745 4964 822 5041 puto
841 4956 944 5019 werck
963 4957 1143 5043 mliudsrt
1192 4951 1290 5021 solus
1311 4956 1362 5020 ira
1381 4974 1443 5040 per
1464 4954 1596 5022 silvam.
1637 4955 1712 5022 llao
1734 4958 1937 5045 cogitatione
1946 4968 2170 5024 vexaturtan·

157 5041 225 5113 ιιιιιὶ
239 5041 304 5106 idt
321 5045 451 5132 “wilt
466 5043 592 5117 Rcirut
601 5044 664 5113 dm
673 5043 910 5110 umatum
918 5042 1140 5127 Gottliarocp.
1193 5042 1311 5128 tispor,
1333 5041 1443 5109 donec
1463 5042 1666 5110 interficeret
1685 5062 1772 5110 eum.
1804 5043 1998 5130 inquisitate
2016 5043 2170 5131 pecunia,

207 5164 211 5175 ·
271 5174 278 5195 ι
468 5186 473 5195 .
522 5147 571 5177 ··
748 5176 752 5187 .
877 5170 931 5203 ,ιι-
1095 5168 1136 5195 .·
1192 5128 1322 5201 invenit
1353 5129 2172 5218 commmossastisrsnutahoepi

1481 5410 1489 5446 i
