4620 5588
153 224 216 327 'riu
828 226 1050 324 rosum
1082 242 1483 324 uuunuruuumn'n.
1517 310 1521 317 .
2097 256 2163 325 rra

151 474 219 521 nou
242 450 349 539 putuit
371 470 439 516 non
462 446 665 516 commoveri
687 449 750 513 ista
783 447 1038 535 ingratitudine:
1068 446 1130 513 sed
1151 468 1157 588 q
1178 467 1306 515 sennen
1323 452 1413 515 uolt:
1441 466 1509 511 uon
1530 442 1696 533 litigemus
1723 446 1765 511 de
1786 440 1972 513 vocabulis.
2018 445 2162 532 Oportet

152 553 261 606 tamen
284 535 449 623 repressit
469 555 523 601 se:
554 532 641 605 Quid
661 554 721 615 epo
743 534 890 597 irascor?
915 541 946 596 et
968 540 1131 616 tantopere
1180 544 1291 600 autem
1323 532 1422 618 paulo
1461 530 1559 598 altius
1592 531 1706 597 ordiri.
1767 529 1886 598 Petrus
1918 545 2030 598 movet
2063 552 2161 619 quae·

152 644 352 694 commum,
373 623 491 708 inquit,
513 627 623 682 contra
645 639 722 695 amn,
743 620 1020 705 quimainretam
1028 638 1131 702 porco
1180 618 1342 686 stionem:
1376 624 1527 703 nonime,
1558 623 1682 700 quecea
1713 619 1811 687 debes
1839 617 2029 685 rantum?

154 711 301 794 offendit:
320 714 437 793 pumen
458 710 559 789 mopis
580 725 640 789 epo
662 705 758 768 Deum
778 729 874 769 meum
887 706 1131 787 offendi,eisrtrn
1181 704 1335 772 Christus
1358 708 1486 788 (ΜΨ
1516 704 1701 787 sepmfft’es
1732 708 1860 790 septies.
1914 701 2041 770 Postea
2071 705 2114 770 ad
2148 716 2163 770 t

153 800 184 859 ei
204 801 359 880 inpratns,
381 797 436 878 qni
455 813 502 856 me
519 800 567 856 tut
588 793 742 875 bneficiis
752 791 939 856 cmmduuit!
959 793 1027 879 qui,
1035 813 1130 897 prae·
1180 792 1266 859 hanc
1287 793 1527 869 narrationem,
1561 808 1647 875 quae
1680 802 1733 857 est
1760 786 1947 855 consolatio
1969 792 2162 877 praecipua,

152 897 303 971 terquam
326 881 415 967 quod
444 880 533 946 dedit
554 877 631 945 milri
659 890 707 945 tot
741 891 872 966 gentes,
904 890 953 943 tot
981 880 1130 965 insignes
1180 891 1214 944 et
1235 875 1336 944 simul
1357 889 1410 944 est
1432 877 1546 982 proris
1569 876 1780 943 comminatio
1796 876 1921 955 addita,
1942 877 2075 961 quando
2094 896 2162 943 non

153 970 323 1048 victorias,
345 979 377 1033 et
388 964 491 1032 multa
502 962 565 1032 aliu
578 967 678 1045 bonu,
700 967 790 1032 dedit
801 966 899 1031 etiam
919 962 1020 1031 lilium
1034 985 1130 1030 suum
1180 975 1233 1033 est
1254 984 1335 1030 vera
1352 963 1565 1050 poenitentia.
2140 970 2143 975 '

152 1051 215 1143 pro
239 1076 305 1120 mar
335 1073 440 1142 quare
462 1064 496 1118 et
518 1074 583 1140 ego
606 1052 713 1118 debeo
731 1051 816 1117 haee
838 1050 1001 1139 cogitare,
1023 1062 1056 1115 et
1077 1068 1131 1117 nne
1267 1048 1340 1116 Vos
1358 1050 1485 1116 debetis
1502 1067 1605 1114 nosse
1622 1045 1795 1115 historiam
1807 1046 1993 1116 Ecclesiae.
2017 1047 2163 1115 Fuerunt

155 1140 342 1209 emendare.
398 1138 446 1203 lta
474 1158 552 1204 sese
583 1139 745 1222 repressit
777 1134 835 1203 ille
866 1136 1131 1223 sapientissimus
1181 1152 1259 1205 aute
1277 1135 1550 1213 Constantinum,
1580 1131 1690 1200 adhuc
1712 1147 1863 1221 tempore
1881 1133 2066 1214 Aureliani,
2095 1134 2162 1201 duo

152 1249 212 1295 rex
229 1223 437 1312 Alphonsus.
1182 1226 1254 1305 viri,
1276 1231 1366 1292 einer
1388 1221 1539 1289 Meletius
1561 1242 1601 1288 sat
1623 1217 1846 1302 Alexandria,
1866 1224 1936 1290 auid
1954 1221 2106 1288 Novatus
2128 1221 2162 1286 in

238 1311 337 1379 Extat
360 1313 402 1378 de
425 1311 495 1376 eius
517 1311 585 1377 vita
603 1306 783 1397 singularis
795 1305 942 1424 libellqs':
965 1321 998 1372 et
1011 1305 1130 1413 vellem
1181 1309 1336 1381 Ecclesia
1365 1309 1526 1415 liomona.
1576 1304 1625 1372 lili
1656 1310 1916 1388 contenderunt,
1943 1304 2061 1392 lapsos
2094 1317 2170 1372 non·

150 1392 1130 1567 cibit,bisuntiiiintii‘cl‘iidiii
1151 1477 1155 1523 =
1179 1396 1510 1570 ‘incibile
1523 1397 1672 1546 ”llil-⁸
1686 1398 2163 1565 lucidissimis

151 1569 254 1639 multa
287 1571 321 1635 in
354 1591 395 1635 eo
417 1566 516 1634 valde
538 1566 780 1648 memorabilia,
809 1580 843 1633 et
864 1562 1019 1632 illustria.
1057 1566 1130 1628 Dos
1179 1575 1243 1638 bus
1266 1568 1480 1653 deficiebant;
1501 1569 1567 1633 imo
1592 1588 1678 1633 unus
1699 1589 1741 1633 en
1762 1565 1864 1654 Papis
1892 1587 2036 1716 quoque,
2066 1563 2161 1650 Papa

151 1655 296 1721 istrael
319 1654 517 1719 drinncnde
540 1652 665 1720 Caieta.
710 1651 793 1720 Cum
816 1649 1012 1739 Alpheusus
1034 1651 1130 1718 Cuic-
1178 1652 1393 1723 Marcellinus
1427 1654 1611 1720 deficiebat.
1671 1653 1817 1741 Negavit
1857 1673 1897 1719 se
1937 1651 2161 1718 cristianum

151 1757 218 1810 tum
242 1741 420 1822 obsideret,
448 1757 481 1807 et
505 1740 711 1826 praesidiarii
734 1736 852 1805 milites
876 1754 989 1806 essent
1013 1741 1129 1804 urbem
1179 1763 1268 1821 esse,
1291 1754 1323 1806 et
1346 1738 1549 1806 sacrificavit
1570 1735 1687 1805 idolisz
1714 1751 1832 1823 postea
1864 1738 2026 1804 rediitad
2048 1736 2161 1824 poeni·

152 1827 343 1895 defensuri:
365 1838 397 1892 et
420 1839 522 1892 totam
544 1827 673 1892 turbam
695 1823 854 1906 inutilem,
872 1843 1129 1911 pueros,seues,
1151 1830 1154 1900 i
1177 1830 1323 1895 tentiam.
1380 1823 1493 1912 Aliqui
1531 1826 1719 1891 severiores
1752 1823 1931 1892 noluerunt
1965 1823 2071 1904 tules,
2104 1824 2161 1911 qui

150 1912 306 1982 mulieres
330 1914 486 1979 eiicerent
507 1933 548 1978 er
567 1914 663 1992 urbe,
684 1923 722 1977 ut
742 1925 859 1998 posset
882 1934 926 1998 op
948 1913 1036 1977 ‘dum
1051 1908 1128 1975 saci·
1150 1904 1154 1980 l
1178 1912 1382 1990 deiecerunt,
1418 1925 1451 1977 et
1479 1912 1629 1977 redibant
1651 1912 1694 1977 ad
1711 1912 1965 1997 poenitentium,
1997 1910 2158 1994 recipere.

149 1998 215 2069 lius
239 1997 384 2079 defendi,
406 2009 439 2062 et
460 1998 581 2064 diutius
603 2010 796 2085 suppeteret
814 1999 941 2064 victus:
976 1998 1008 2064 bi
1031 1997 1127 2062 dede·
1178 2005 1249 2068 Dos
1269 2004 1327 2067 but
1345 1996 1499 2064 Meletius
1520 1993 1778 2064 suAlexandria
1796 2001 1939 2082 pellam
1961 2015 2159 2084 quamquam

149 2099 225 2154 runt
249 2086 380 2172 quidam
404 2081 582 2149 consiliarii
605 2081 655 2150 Re
680 2082 751 2150 iAl
774 2081 960 2150 honsohoc
984 2079 1127 2160 consilii,
1178 2088 1378 2154 adversatus
1410 2097 1462 2149 est
1495 2084 1523 2148 ei
1556 2081 1745 2169 Episcopus
1779 2082 1898 2151 Petrus
1931 2085 1988 2160 ibi,
2016 2095 2048 2148 et
2078 2079 2157 2147 alle·

149 2187 184 2239 ut
203 2183 337 2240 curaret
359 2169 490 2258 aliquos
519 2191 560 2235 ex
586 2168 639 2234 his
665 2106 821 2249 interlui,
846 2184 882 2236 ut
905 2180 1128 2248 moverentur,
1202 2175 1270 2238 avit
1299 2169 1450 2258 exempla
1478 2185 1595 2235 contra
1625 2192 1708 2236 eum.
1753 2171 1905 2237 Novatus
1936 2170 2023 2235 idem
2048 2166 2159 2235 docuit

149 2260 205 2410 qui
227 2260 258 2322 ln
281 2261 365 2323 urbe
386 2254 561 2334 erantilla
582 2257 760 2322 severitate
777 2257 867 2343 regis
885 2252 1127 2322 adfaciendam
1178 2195 1209 2324 ll

1210 2279 1320 2324 omaet
1350 2255 1386 2321 Si
1409 2255 1527 2342 uliquis
1550 2255 1658 2322 sactus
1677 2270 1769 2323 esset
1790 2254 1932 2335 adulter,
1960 2252 2027 2334 fur,
2056 2254 2159 2320 bomi-

171 2346 357 2412 editionem.
396 2342 524 2409 Auctor
547 2340 636 2407 illius
659 2343 774 2427 scripti
796 2343 917 2426 inquii:
945 2340 1033 2402 Deru
1053 2338 1129 2401 milti
1178 2346 1276 2422 nida,
1321 2364 1387 2408 non
1423 2363 1500 2408 ensa
1539 2341 1624 2408 inlus
1658 2345 1865 2429 recipiendos
1899 2345 1930 2409 in
1964 2342 2159 2421 societatem

40 2486 47 2497 ,
149 2435 313 2513 iquoscot:
335 2450 393 2511 epo
422 2449 542 2510 quoque
566 2428 628 2491 luc
650 2428 812 2489 consilium
834 2427 921 2491 dedi.
964 2424 1038 2491 Rex
1061 2436 1128 2492 ste·
1177 2428 1361 2496 Ecclesiae.

149 2518 186 2582 tit
208 2513 410 2601 aliquamdiu
432 2515 567 2592 tacitus,
590 2524 624 2578 et
647 2509 907 2599 cogitabundust
929 2513 1062 2578 taudem
1079 2512 1126 2577 ln·
1262 2518 1360 2582 nuce
1381 2517 1486 2582 baben
1506 2516 1576 2580 mn
1595 2523 1716 2600 ueneni
1735 2513 1909 2603 καθαροῦς,
1943 2515 2068 2592 idest,
2101 2533 2158 2597 pu·

149 2604 235 2689 quit:
263 2600 355 2663 Absit
380 2598 440 2661 boc
462 2621 482 2660 u
503 2620 557 2660 ma.
608 2597 714 2662 Totaon
736 2619 861 2680 requam
881 2598 1126 2680 Neapolitanum
1176 2625 1245 2682 ros,
1263 2601 1359 2691 quasi
1382 2612 1497 2667 essent
1523 2602 1596 2664 sine
1618 2599 1707 2679 labe,
1729 2603 1801 2668 sine
1824 2614 1985 2688 peceato,
2012 2610 2046 2665 et
2068 2599 2157 2665 iusti.

148 2708 210 2750 non
232 2695 279 2748 est
297 2685 481 2767 militanti,
503 2693 539 2747 ut
558 2684 618 2746 boo
638 2684 873 2765 velimsoeorer
894 2699 927 2751 et
946 2684 1125 2751 stutimde·
1175 2694 1223 2757 let
1242 2691 1322 2756 eben
1343 2688 1393 2755 uls
1425 2693 1518 2754 mmet
1545 2706 1621 2753 mun
1639 2690 1833 2772 fortissimi,
1867 2688 1958 2774 quod
1989 2687 2091 2752 homo
2112 2684 2160 2751 stt

149 2776 196 2841 dit
217 2773 384 2852 mandata,
406 2785 442 2839 ut
467 2768 525 2836 illa
547 2768 720 2838 multitudo
744 2773 999 2839 distribueretur
1019 2770 1053 2836 in
1077 2771 1124 2836 vi·
1175 2776 1283 2844 iustus
1307 2776 1466 2853 novitate,
1500 2786 1533 2839 et
1550 2775 1695 2859 propriis
1717 2772 1943 2860 qualitatibus,
1977 2773 2064 2838 sicut
2085 2770 2158 2837 Mo.

149 2862 223 2927 eiua
246 2881 265 2923 o
289 2858 378 2964 pida,
400 2869 433 2925 et
456 2868 659 2925 servaretur.
688 2856 762 2924 Hoc
783 2871 962 2945 postquam
979 2856 1126 2923 rescive·
1174 2860 1273 2928 uachi
1295 2872 1412 2926 nostro
1440 2871 1591 2964 tempore
1642 2871 1743 2926 utant.
1788 2860 2020 2927 Nazianzenus
2042 2857 2157 2924 irridet

147 2957 225 3013 runt
252 2881 302 3010 ifir
324 2945 538 3030 praesidiarii,
584 2944 617 3009 ui
640 2956 735 3010 erant
755 2945 789 3011 in
812 2965 833 3008 o
856 2944 951 3031 pido,
972 2941 1126 3011 fecerunt
1173 2945 1252 3013 illos
1273 2945 1449 3034 καθαροιὶςι
1483 2946 1562 3010 dreit
1590 2883 1668 3011 ulls
1691 2946 1833 3025 nescire,
1866 2947 1945 3034 qnid
1974 2946 2018 3010 sit
2039 2962 2158 3029 pecca·

147 3031 357 3099 deditionem.
401 3029 444 3096 Et
478 3031 528 3095 sic
560 3049 637 3115 pus
664 3027 788 3116 proluit
816 2967 856 3096 el
875 3030 962 3096 haee
989 3026 1123 3106 lenitas,
1175 3048 1255 3113 tum,
1277 3046 1310 3099 ot
1332 3034 1423 3119 quod
1442 3032 1477 3097 in
1499 3034 1626 3098 satietis
1649 3053 1783 3120 quoque
1805 3034 1850 3098 sit
1871 3045 2056 3118 peccatum.
2095 3027 2157 3096 illa

146 3139 245 3205 quarn
267 3114 462 3197 crudelitas,
483 3137 549 3205 qua
571 3117 669 3182 etiam
690 3115 800 3184 Deum
828 3117 992 3184 adversus
1020 3137 1059 3181 se
1080 3115 1123 3181 ir·
1175 3141 1271 3189 error
1299 3117 1426 3185 Meletii
1452 3130 1486 3183 et
1508 3115 1649 3199 Novati,
1677 3131 1710 3184 et
1740 3120 1881 3186 istorum
1903 3119 2071 3207 καθαρῶν,
2104 3129 2157 3183 est

147 3205 292 3270 ritssset.
1174 3209 1308 3274 omuino
1331 3205 1536 3272 damnandus
1560 3217 1592 3270 et
1614 3205 1836 3286 execrandus,
1866 3217 1900 3270 et
1922 3203 2156 3291 opponendum

232 3287 300 3353 lsta
318 3285 470 3373 exempla
491 3303 570 3352 suut
588 3288 846 3368 consideranda,
875 3299 907 3353 et
936 3288 1011 3353 ideo
1041 3287 1124 3353 estis
1175 3291 1417 3370 testimouium,
1450 3291 1539 3378 quod
1571 3291 1628 3359 hic
1660 3293 1846 3378 expositum
1879 3302 1953 3359 est:
1992 3294 2156 3359 demittite

146 3376 179 3441 ln
203 3373 343 3452 scholis,
376 3386 412 3438 ut
435 3373 574 3440 discatis
602 3374 794 3440 discernere
826 3374 912 3439 luter
928 3376 1069 3439 virtutes
1092 3385 1125 3438 et
1174 3381 1356 3462 amenoptes
1378 3382 1517 3460 septies,
1551 3376 1669 3444 Sieben
1692 3381 1781 3444 mulli
1805 3380 1998 3460 riebmirla:
2030 3378 2092 3442 ctas
2114 3381 2158 3442 iet
2253 3372 2257 3379 “

146 3462 237 3538 vitia,
255 3472 289 3525 et
311 3458 454 3524 ilectatis
476 3461 605 3525 animos
627 3461 671 3525 ad
694 3460 855 3525 virtutem
899 3463 945 3527 Es
974 3461 1019 3527 ist
1037 3462 1128 3525 uicit
1174 3469 1247 3532 490
1263 3469 1345 3530 mni:
1372 3482 1466 3529 menn
1487 3469 1536 3529 ste
1556 3483 1685 3530 neum
1707 3466 1816 3530 ΗΜ
1833 3466 2046 3546 ὁσοιεῑεήω,
2076 3473 2155 3526 tuno

146 3549 249 3614 domii
270 3547 495 3627 amuertcbtet
517 3548 597 3612 ause
619 3547 672 3612 iltr
694 3544 857 3613 lisvellen
874 3550 937 3628 latr
957 3548 1011 3612 die
1031 3549 1126 3626 hope
1175 3548 1367 3637 significant
1389 3568 1542 3634 maguum
1565 3569 1747 3622 numerum,
1770 3569 1836 3613 non
1855 3560 1981 3614 tantum
1998 3558 2154 3632 septena·

146 3637 238 3701 veile
259 3638 330 3699 eine
356 3634 470 3698 lecum
496 3635 606 3709 beret,
636 3632 707 3698 tund
724 3632 871 3698 durnucb
891 3632 1041 3714 impellet
1059 3631 1129 3697 cad
1174 3637 1270 3701 rium.
1315 3634 1480 3719 Loquitur
1500 3645 1611 3699 autem
1632 3634 1787 3705 Christus
1815 3634 1870 3699 lric
1891 3654 1959 3700 non
1980 3632 2091 3700 solum
2113 3634 2157 3699 da

145 3722 248 3801 senff!
268 3719 425 3785 einander
440 3721 518 3797 roll,
550 3720 630 3785 oder
650 3720 753 3784 balta
775 3720 856 3785 euclt
871 3726 965 3785 const
983 3722 1125 3803 nomeu.
1175 3717 1445 3787 reconciliatione
1476 3714 1639 3801 iraterna,
1677 3722 1739 3787 sed
1771 3722 1814 3786 de
1843 3721 2044 3799 ministerio,
2077 3719 2156 3805 quis
2208 3796 2232 3801 ,-

146 3802 368 3881 ¹Considerate
400 3803 482 3869 ista:
519 3804 598 3891 quie
630 3800 709 3869 talia
741 3823 836 3871 exam
860 3800 894 3867 lu
925 3813 1004 3869 suut
1036 3823 1125 3869 com-
1174 3808 1280 3874 eduin
1302 3811 1685 3890 muneremunere
1740 3807 1865 3875 Sinon
1888 3816 1981 3874 esset
2002 3805 2154 3871 remissio

146 3911 265 3959 munes
297 3887 434 3978 regulae
452 3891 566 3985 ‚vitae
628 3886 759 3955 Utinam
797 3825 995 3957 halen-anus
1029 3888 1125 3954 istius
1176 3914 1290 3961 coram
1312 3893 1399 3969 Deo,
1429 3905 1508 3959 tuno
1531 3913 1600 3959 non
1622 3890 1802 3961 lucrareris
1830 3891 1976 3961 fratrem.
2028 3888 2156 3958 Paulus

145 3997 237 4130 ffip
259 3986 366 4128 totumt
384 3978 484 4082 vitam
508 3979 606 4127 bonpl
619 3976 791 4127 ordipehet
811 3974 1127 4128 vpretdesqripqttsqq
1176 3981 1274 4133 lqtirun
1307 3979 1425 4132 {32¹⁹st
1447 3977 1662 4133 Coplintlrium.
1717 3978 1761 4046 Et
1792 3978 1873 4131 alia¹
1886 3979 2074 4131 testilmonia
2097 3974 2157 4044 lta·

146 4082 735 4237 volupmpiqqqutqanvpaspgqquqr
752 4109 779 4214 a·
796 4081 897 4228 llario,⁸
912 4082 1047 4215 lelecllus
1082 4166 1125 4212 ex
1175 4079 1348 4233 nillisqpet
1370 4073 1930 4236 {rpqtumieoepqqtmqpnppnepqperpnnq
1962 4082 2156 4237 lrlglrlllgl

146 4254 269 4322 regno:
302 4232 398 4300 Dens
435 4247 543 4302 tamen
574 4232 704 4301 reduxit
731 4254 817 4300 eum.
872 4236 922 4302 let
950 4234 1126 4301 uiderunt
1176 4251 1297 4327 quatur
1317 4239 1450 4305 novitas
1471 4238 1572 4316 vitae,
1593 4259 1636 4305 ue
1658 4239 1702 4305 sit
1723 4237 1879 4305 simulata
1901 4239 2090 4304 conversio.

146 4341 220 4389 suro
241 4324 331 4389 reich
351 4324 508 4404 hommes,
530 4321 617 4388 sicut
638 4317 733 4387 Deus
754 4317 919 4387 Davidem
942 4320 1080 4387 reduxit

1177 4398 1290 4504 Quot
1324 4412 1420 4484 sunt
1451 4396 1597 4513 ¹partes
1636 4401 1911 4514 poenitentiae
1947 4429 2021 4485 seu
2057 4429 2156 4483 con·
2195 4507 2198 4512 q

376 4515 570 4628 Scopus
615 4517 896 4627 parabolae
1309 4586 1351 4603 s
1557 4521 1776 4605 versionis?

231 4665 306 4730 Nun
334 4665 470 4730 materia
503 4665 602 4731 buius
636 4664 807 4731 concionis
841 4674 894 4729 est
927 4662 1126 4750 pannum
1214 4698 1222 4707 ·
1261 4664 1455 4736 Retinemus
1472 4664 1707 4736 illavooabula
1724 4681 1860 4757 propter
1881 4668 2154 4736 consuetudinem

147 4743 447 4903 trilicis
468 4750 1126 4922 linientff‘liftt‘iiiiibi
1174 4748 1599 4909 limittit
1622 4759 2155 4913 lil'illlll’sffim

146 4922 254 4987 munis
275 4920 481 5009 principalis.
516 4922 734 5015 Vos-debetis
751 4941 883 5008 semper
899 4918 1124 5003 considerare,
1174 4864 1328 5008 nelina,
1359 4934 1423 5003 ,ute
1443 4935 1493 4996 ete
1514 4928 1652 4997 boten.-
1684 4863 1779 4999 tilulo
1811 4940 1864 4996 est
1896 4861 2154 5010 ludexolordis,

146 5006 189 5072 ad
218 5028 316 5094 quam
346 5017 474 5094 partem
507 5011 671 5094 pertineat
702 5011 867 5089 narratio,
901 5008 943 5074 de
977 5028 1044 5095 qua
1072 5019 1125 5073 est
1175 5026 1208 5091 ot
1243 5010 1422 5080 voluntatis
1456 5015 1733 5102 uniuscuiusque,
1774 5015 1830 5102 qui
1867 5011 1962 5082 solus
1995 5025 2048 5081 est
2078 5036 2155 5102 sup·

147 5094 339 5174 dicandum,
372 5094 415 5159 ad
439 5114 536 5180 quem
560 5092 708 5162 titulnmt
736 5098 807 5162 diss
829 5098 966 5178 pelleret
989 5096 1033 5161 ad
1067 5094 1122 5159 do·
1174 5096 1362 5193 duranium.
1386 5174 1390 5185 Ι
1418 5096 1704 5191 Comitatuqsane
1730 5122 1793 5191 pos
1815 5102 2031 5187 obtrectatio:
2066 5096 2127 5183 cul¹
2141 5137 2155 5151 ·

147 5182 286 5246 atrium
308 5180 350 5244 de
372 5182 590 5266 poenitentia,
605 5205 609 5211 ¹
624 5180 677 5247 vel
701 5183 937 5253 conversione.
966 5188 1027 5249 ee
1054 5185 1124 5250 idn
1173 5180 1283 5253 minim
1304 5188 1502 5254 comitantur
1519 5186 1610 5254 recle
1631 5184 1802 5255 lenientes
1840 5186 2069 5256 Poenitentiae
