4620 5588
163 190 230 268 toa
856 146 1499 273 rosuuuanauanrnomnna
2119 208 2184 293 ιι

165 385 351 475 exemplum
372 389 608 477 poenitentiae,
631 388 688 456 vel
710 388 895 476 exemplum
918 364 1149 458 conversionsi
1200 402 1234 458 et
1254 391 1477 462 involuntaria
1506 364 1724 477 counitionir
1754 415 1840 485 quito
1861 397 1942 483 qnid
1964 398 2019 478 siis
2040 397 2183 492 intelligi

76 468 85 496 “
160 477 277 544 totius·
306 474 382 543 Non
404 473 483 543 volo
504 496 641 543 movere
661 475 902 582 lopomacltios.
937 476 998 542 Est
1019 479 1149 544 insania
1200 500 1268 545 non
1314 493 1414 561 otest,
1435 483 1500 546 nisi
1522 481 1600 548 fidei
1622 484 1680 550 fiat
1700 483 1834 548 mentio.

161 560 219 630 vel
241 560 365 628 malitia
410 565 516 641 otius,
546 563 637 649 qnod
664 562 767 669 aliqui
789 560 1030 629 tumultuantur
1051 563 1148 650 logo·
1288 565 1426 653 Semper
1447 580 1556 635 autem
1578 582 1711 657 oportet
1731 572 1765 637 in
1781 570 1914 637 homine
1937 590 2015 637 asso
2036 569 2182 657 aliquam

161 647 313 717 machiis.
399 669 511 735 emper
537 645 771 735 logomachtao
805 661 883 715 sunt
941 651 1147 716 erniciosae:
1201 655 1403 741 agnitionem
1436 656 1583 740 peccdti:
1615 668 1748 724 oortet
1774 653 1905 743 aliquos
1932 677 2010 722 esse
2031 657 2181 734 dolor-ss,

164 733 355 822 significant
382 747 520 801 naturas
548 733 775 802 cavillattioes
804 748 838 802 ct
859 758 891 803 tn
927 735 1053 802 itiosas.
1097 736 1149 802 Ex
1200 743 1324 807 Proba.
1372 747 1430 811 itti
1448 747 1609 810 habitabit
1662 752 1801 822 υηιιιιιιι,
1827 732 1895 811 niti
1914 751 1949 811 in
1969 747 2088 829 spirita
2106 766 2214 825 cort·⁷

161 818 198 888 lo
223 822 383 888 amechiis
416 818 611 908 plerumque
644 824 874 889 accenduntur
906 823 992 890 odia.
1036 823 1147 890 Voca-
1200 837 1277 896 trito
1299 840 1332 897 et
1350 833 1522 913 dominata,
1543 841 1578 897 et
1593 840 1748 898 tremente
1763 839 2053 900 cemonarmeori
2080 833 2181 904 lietu-t

162 842 243 975 bala
266 905 380 974 volent
401 927 465 975 nso
486 911 519 974 in
532 905 701 975 Ecclesia.
745 908 822 974 Non
839 928 1057 992 aspernemur
1078 930 1148 976 ma·
1199 919 1348 988 Mattio
1375 921 1476 984 corda
1496 927 1613 985 aestro.
1657 917 1754 984 ltem:
1787 917 1936 990 Tristitia
1964 939 2048 1002 puae
2067 940 2181 988 rema·

161 1005 247 1060 ιιοιιι
278 992 467 1060 Ecclesiam
501 996 551 1061 sic
583 992 783 1081 loquentem.
838 996 926 1069 Quid
959 1007 1024 1077 est,
1057 998 1149 1083 quod
1198 1007 1275 1070 aiom
1296 1008 1398 1071 Deum
1430 1013 1490 1083 est,
1522 1011 1680 1090 operatur
1708 1003 1952 1089 poeaitentiam
1972 1009 2018 1072 ad
2043 1011 2180 1083 ιαιιιιοιῃ

161 1078 256 1147 malti
278 1079 469 1169 singulares
490 1084 555 1149 sibi
576 1079 721 1168 phrases
743 1083 954 1170 excogitant,
986 1094 1044 1149 ant
1073 1083 1147 1149 reii·
1198 1111 1263 1156 non
1280 1094 1520 1175 poenitendam
1564 1091 1659 1157 ltem:
1681 1095 1721 1157 Io
1742 1093 1802 1173 liic,
1824 1112 1906 1174 puae
1924 1098 2083 1176 fecerunt,
2104 1095 2180 1160 ado-

163 1168 254 1233 ciunt
275 1169 418 1234 asinus
439 1179 474 1233 et
494 1178 651 1255 receptas
673 1188 796 1255 voces,
829 1170 859 1234 si
887 1180 982 1234 reete
1004 1170 1070 1234 sint
1092 1170 1149 1235 ds·
1198 1181 1418 1249 memoratur,
1450 1180 1537 1245 stedi
1573 1179 1606 1243 in
1639 1177 1796 1244 Hebraeo
1833 1180 1922 1265 apud
1954 1177 2178 1261 Ezechielem,

163 1251 331 1320 clarataei
374 1258 421 1328 Er
442 1275 513 1322 mna
540 1259 608 1322 mm
633 1256 724 1322 omitt
753 1256 810 1323 ein
828 1258 923 1322 iader
941 1263 1074 1339 famosi
1095 1264 1148 1323 eia
1198 1267 1330 1330 amdan
1355 1267 1427 1330 cine
1446 1267 1572 1331 aeteae
1593 1264 1705 1332 natat
1759 1262 1900 1350 Oportet
1929 1263 2072 1352 aliquem
2100 1285 2179 1333 asso

161 1359 270 1407 macer
285 1345 431 1408 mordeo.
454 1341 608 1429 integrae
626 1344 856 1409 conversionis
877 1364 940 1428 pro
966 1344 1075 1408 unitur
1091 1342 1147 1408 hio
1199 1347 1349 1415 dolorem
1371 1352 1405 1416 ln
1428 1371 1482 1430 eo,
1505 1351 1562 1436 qui
1577 1352 1799 1418 convertitur.
2175 1404 2179 1411 .

161 1427 315 1492 doctrinm
337 1425 391 1493 vel
412 1430 655 1515 poenitentiae,
687 1430 807 1509 idest,
829 1426 928 1495 simul
941 1365 1004 1496 lto
1026 1451 1147 1514 propo·
1282 1435 1344 1502 Usi
1367 1448 1445 1503 sunt
1467 1437 1633 1503 vocabulo
1651 1435 1886 1516 Contdtionis3
1908 1439 1985 1523 qnia
2002 1452 2056 1504 est
2077 1460 2183 1520 roca,

162 1515 227 1579 sita
247 1526 327 1579 suni
348 1512 424 1593 ille,
452 1534 540 1601 quae
567 1517 611 1580 ad
637 1517 845 1602 arguendam
866 1527 1044 1601 peecatum
1066 1535 1146 1582 con·
1198 1519 1324 1603 bolum,
1346 1525 1435 1609 quod
1451 1524 1553 1589 habat
1568 1523 1845 1612 significationem
1860 1521 2056 1610 pleniorem,
2079 1545 2179 1611 quant

162 1601 343 1668 siderando
363 1612 455 1682 ειιιιι,
477 1613 511 1667 et
528 1621 615 1689 quoe
636 1603 679 1666 ad
701 1599 968 1669 consolationem
990 1615 1069 1674 sant
1090 1622 1147 1669 ne·
1197 1610 1228 1672 si
1249 1608 1442 1695 simpliciter
1464 1613 1669 1677 nominemus
1692 1609 1853 1676 dolorem.
1885 1610 1929 1677 Et
1949 1612 2000 1676 sic
2012 1609 2179 1685 Ezechias

161 1688 322 1753 emenda.
1197 1692 1357 1781 loquitur:
1386 1698 1477 1763 ὁϊοιιι
1495 1702 1547 1765 leo
1569 1704 1718 1765 amisit
1738 1698 1845 1764 onnia
1866 1718 1945 1765 orta
1966 1717 2053 1773 ntea:
2074 1701 2179 1767 dador

685 1806 689 1816 ·
1197 1782 1255 1848 nit
1275 1802 1476 1867 penontmen.
1520 1783 1616 1850 ltcmt
1641 1785 1707 1851 Cor
1728 1790 1899 1851 emmaum
1920 1803 1986 1853 oca
2008 1787 2178 1868 daspim
2217 1789 2225 1799 ”

1283 1867 1440 1935 dionacbi
1461 1872 1559 1943 etiam
1579 1871 1785 1936 retinuerunt
1810 1890 1931 1937 nomen
1952 1873 2176 1942 contritionis.

1194 1953 1263 2021 Sotl
1296 1958 1465 2042 quomodo
1495 1969 1611 2023 aarum
1640 1958 1682 2022 de
1705 1955 1934 2024 Οοιιιιὶιιοιιιι
1989 1957 2075 2027 Sunt
2106 1959 2175 2038 dno

162 2037 275 2143 Quot
312 2051 407 2124 sunt
443 2051 579 2151 partes
608 2039 902 2151 poeniteutiae,
939 2041 1007 2124 vel
1045 2071 1142 2124 con-
1193 2043 1490 2196 &guz-5322&
1511 2064 1665 2196 effigi,
1695 2042 1880 2194 ,Βῑιξῐιῑξὶὲῑ
1903 2090 1907 2104 ·
1931 2046 2178 2196 ”Pdfifflw
2243 2122 2247 2136 .

188 2195 395 2299 versionis,
426 2195 494 2276 vel
523 2195 850 2304 regenerationis,
887 2196 964 2278 avie
995 2225 1111 2280 mans
1192 2217 1358 2282 tutionem
1381 2151 1512 2282 ruer-celi¹
1522 2150 2005 2302 rilinstlilinmiiaoomii'
2021 2151 2176 2303 efficit.

500 2377 666 2432 nemen
695 2349 800 2434 will,
1190 2323 1290 2456 mo
1305 2305 1399 2454 ¹goii,
1433 2299 1983 2465 quodpiffiadtwpnfficientem
2004 2304 2174 2373 contritio·

786 2415 796 2436 ο
925 2450 928 2455 .
1274 2409 1380 2454 :rea
1402 2409 1472 2457 san
1519 2413 1536 2454 r
1646 2426 1650 2433 ·
1793 2409 1882 2458 csse.

586 2549 589 2554 ,
1277 2475 1371 2542 llaec
1393 2409 1613 2557 suntpreealin,
1634 2497 1702 2543 non
1723 2487 1802 2543 sunt
1822 2475 2073 2563 lopomachiae,
2093 2497 2174 2545 uon
2274 2498 2277 2505 ·

242 2564 330 2634 illud
353 2575 405 2632 est
422 2566 643 2632 videndumin
657 2565 947 2652 disputationibus,
965 2567 1139 2654 qomodo
1190 2560 1387 2651 prophanae
1406 2563 1584 2628 mantuus
1605 2583 1736 2629 vanarn.
2211 2587 2215 2597 ·

157 2672 213 2719 res
236 2664 269 2718 et
289 2663 406 2739 partes
423 2651 668 2720 discemoutur:
693 2663 825 2737 oportet
835 2654 943 2740 redigi
952 2654 1141 2720 doctrinm
1279 2649 1422 2725 Quando
1441 2647 1491 2717 illi
1513 2647 1648 2717 dolores
1670 2648 1770 2716 valde
1792 2659 1961 2730 crescunt,
1982 2647 2082 2717 homo
2104 2671 2173 2719 non

155 2738 190 2804 iu
212 2760 359 2827 corpus,
389 2750 424 2805 et
449 2760 516 2805 non
543 2739 641 2806 niodo
663 2737 843 2826 prolixum.
880 2739 963 2807 ideo
984 2742 1140 2808 condio-
1192 2748 1307 2825 potest
1332 2738 1516 2818 sustinone,
1550 2737 1614 2802 scd
1641 2737 1859 2823 eminguiturc
1892 2737 1979 2803 siunt
2000 2733 2093 2803 multi
2112 2735 2174 2803 lto·

155 2828 298 2892 randum
327 2837 392 2905 est,
416 2827 537 2912 quibos
559 2824 736 2894 vocabulis
756 2828 875 2893 eadem
895 2846 953 2893 res
966 2829 1015 2893 sit
1029 2824 1141 2915 appel·
1191 2825 1298 2893 mirus
1321 2826 1559 2912 extinguuntur
1573 2843 1680 2891 sensu
1699 2823 1771 2891 irae
1789 2822 1874 2903 Dei,
1902 2827 2172 2893 casanatae

155 2909 231 2979 lata
284 2912 321 2979 Si
350 2913 425 3000 quis
446 2910 527 2979 velit
548 2914 691 2979 seorsim
712 2910 825 2980 socero
846 2912 974 2981 titulum
994 2914 1039 2981 dc
1059 2934 1141 3000 poe·
1190 2911 1292 2978 ludas
1320 2913 1487 2997 abrumpit
1514 2912 1578 2977 sibl
1607 2913 1727 2993 vitam,
1760 2922 1793 2977 ct
1820 2907 2079 2978 innumerabiles
2104 2907 2172 2985 alii.

154 3000 302 3082 nitentia,
323 3011 357 3065 et
379 3019 498 3066 rursus
519 2996 619 3067 aliurn
643 2997 773 3067 titulum
795 3003 836 3067 de
851 3002 1086 3082 conversione,
1107 3014 1140 3066 et
1190 2996 1357 3066 Diabolus
1377 2997 1539 3085 plurimos
1559 2996 1713 3064 homines
1732 3007 1858 3078 tentat,
1886 3008 1927 3063 Ιιιι
1949 2997 2019 3065 ‚sibi
2041 2998 2172 3065 conset

154 3085 272 3153 iterum
309 3083 410 3152 alium
434 3085 484 3170 {tle
516 3085 770 3153 mortificatione
801 3099 836 3154 et
863 3089 1140 3175 regenerationes
1191 3098 1289 3152 scant
1311 3097 1467 3161 mortem3
1486 3086 1564 3172 quia
1573 3080 1738 3151 Diabolus
1756 3096 1813 3151 est
1832 3084 2011 3152 homicida.
2032 3082 2172 3152 Frustra

155 3193 197 3240 ea
219 3184 312 3239 esset
334 3174 414 3239 dissi
441 3173 507 3238 atio
529 3175 655 3259 potius,
677 3194 778 3259 quam
799 3169 955 3241 collectio
986 3177 1139 3260 corporis
1190 3182 1300 3239 autem
1321 3173 1524 3259 disputatur,
1556 3192 1600 3237 an
1627 3172 1671 3237 sit
1693 3167 1864 3241 sufficiens
1887 3169 1943 3237 vel
1964 3167 2172 3248 insufficiens

25 3302 31 3309 -
157 3259 339 3327 doctrinae.
423 3261 498 3326 obis
521 3270 698 3328 curiensi
720 3259 845 3327 docem
867 3261 930 3341 ita,
957 3272 997 3329 ut
1023 3257 1139 3328 intelli·
1191 3259 1361 3327 contritior
1388 3259 1467 3346 quie
1487 3255 1578 3325 nullu
1599 3269 1652 3325 est
1672 3259 1843 3346 proportio
1868 3256 1980 3324 meriti
2001 3257 2172 3328 nonnum

199 3367 274 3412 mur
295 3367 316 3411 a
337 3343 486 3434 populo,¹
502 3357 536 3414 et
564 3368 586 3413 a
607 3346 725 3413 doctis.
771 3345 849 3421 Qut.
863 3367 928 3415 nos
957 3347 1138 3436 reprehen-
1188 3346 1233 3411 ed
1254 3345 1484 3412 remissionem
1506 3357 1733 3432 peccatorum,
1775 3343 1918 3411 Tantum
1939 3343 2000 3410 lilii
2008 3342 2076 3412 Dei
2092 3346 2172 3413 οδε·
2254 3369 2264 3389 ‘

70 3501 74 3509 ,
155 3367 248 3513 luunt
268 3432 335 3518 ipsi
354 3434 524 3521 ignorant,
545 3434 625 3522 quid
647 3434 768 3499 dicant.
802 3432 1018 3521 Respondeo.
1052 3433 1137 3502 'l'res
1190 3433 1330 3510 dientia,
1365 3451 1450 3520 quae
1482 3443 1535 3497 ost
1561 3431 1721 3499 infinitam
1755 3434 1891 3511 bonum,
1924 3442 1978 3497 est
2007 3433 2172 3512 marimm,

155 3531 234 3586 sunt
254 3531 386 3603 partes:
405 3518 581 3599 Contritio,
602 3519 716 3600 Fides,
737 3531 771 3586 et
790 3520 888 3588 Nova
909 3522 1110 3589 obedientia
1188 3519 1435 3607 propterquod
1457 3520 1608 3585 meritum
1630 3530 1786 3586 aeternus
1808 3519 1910 3584 Pater
1920 3514 2105 3670 (placatur,
2136 3526 2173 3588 ei

217 3623 220 3627 ’
1188 3625 1257 3672 non
1277 3603 1389 3672 solam
1410 3607 1546 3673 remisit
1571 3608 1671 3673 nobis
1691 3616 1850 3691 peccas,
1878 3625 1918 3671 se
1969 3603 2171 3689 imputat-ee

1186 3693 1290 3844 idoram
1311 3694 1409 3759 nobis
1431 3693 1536 3778 ipsius
1557 3693 1727 3774 iustitiam,
1747 3704 1785 3759 nt
1804 3693 1910 3757 simus
1927 3690 2034 3777 ipsius
2052 3690 2170 3761 metuo

428 3851 539 3957 Quid
569 3865 634 3937 est
661 3851 877 3940 conuitio?

125 4168 131 4178 ·
240 4118 402 4195 θοιιιιὶιίο
436 4134 488 4191 est
517 4142 746 4209 expavescere
769 4123 940 4211 agnitione
967 4121 1042 4189 irae
1072 4121 1138 4190 Del
1217 4113 1340 4200 Unde
1371 4125 1434 4198 esi
1462 4114 1527 4199 ille
1557 4140 1710 4226 pavor:
1739 4141 1826 4219 oen,
1856 4112 1966 4197 unde
1996 4109 2046 4197 fit
2073 4110 2140 4197 illa

153 4208 320 4277 advorsus
340 4221 498 4296 peccaut
530 4211 567 4277 id
586 4212 727 4295 primurn
748 4211 894 4277 omniurn
911 4208 959 4291 fit,
991 4207 1067 4275 Deo
1088 4209 1137 4274 in-
1361 4230 1389 4273 ·,
1579 4268 1587 4285 ,
1610 4268 1620 4286 ,
1824 4267 1833 4285 ‚
1955 4256 1963 4265 .
2120 4222 2124 4231 ·
2149 4252 2153 4263 .

153 4297 299 4367 coflante
318 4307 495 4377 terrorem,
517 4309 551 4362 et
567 4295 707 4385 qnando
721 4298 854 4364 accedit
872 4297 976 4376 tides,
996 4293 1035 4360 fit
1055 4291 1138 4362 filia·
1492 4279 1648 4381 agnlito
1676 4267 1861 4381 peccaui

151 4377 196 4447 lio
215 4385 325 4453 timor.
369 4380 484 4469 Aliqui
512 4384 717 4452 mosomum
744 4382 966 4450 voluntariam
987 4393 1023 4448 ot
1042 4383 1137 4448 invo·
2000 4428 2004 4436 ·

150 4463 331 4536 lunarium
363 4469 606 4536 contritionem.
660 4469 746 4536 Sunt
778 4491 892 4537 merae
923 4467 1137 4557 phantasiae:
1271 4468 1325 4537 Fit
1356 4470 1461 4538 verbo
1490 4467 1556 4536 Dei
1587 4479 1733 4537 terrente
1765 4469 2018 4537 conscientiam.
2073 4466 2168 4537 Dens

157 4552 229 4622 Wie
245 4558 308 4623 dar
329 4559 414 4623 acet
430 4559 677 4641 pmtctreiraercit
694 4563 749 4635 tet,
772 4558 861 4643 quod
874 4553 977 4642 aliqui
988 4567 1138 4644 pugnant
1186 4569 1239 4624 est
1260 4553 1382 4625 silicas
1403 4577 1464 4642 per
1483 4557 1641 4634 ιοιιιιιιιιιι
1669 4567 1704 4622 et
1729 4553 1828 4623 simul
1854 4555 1972 4625 incutit
1993 4565 2167 4625 terrorem.

151 4639 195 4707 tle
215 4644 369 4723 vocibus,
387 4648 535 4728 pellicien
556 4646 627 4710 aad
644 4646 788 4727 deposta
810 4646 1138 4726 einoooirecittreya,
1186 4640 1238 4712 llli
1265 4654 1375 4713 motus
1407 4653 1487 4710 sunt
1508 4664 1529 4709 a
1548 4642 1640 4724 Deo,
1659 4642 1766 4715 ,Deru
1785 4650 1874 4727 ionia
1891 4662 2086 4711 consumare
2105 4649 2168 4725 ae,

151 4728 214 4794 ilat
234 4731 341 4796 moder
360 4729 456 4797 nield.
498 4728 565 4796 Ubi
587 4740 641 4796 est
662 4728 759 4808 fides,
781 4740 833 4796 cst
851 4730 1006 4796 conuitio
1021 4726 1138 4795 volun·
1186 4741 1223 4797 nt
1249 4730 1282 4796 in
1304 4727 1455 4797 Psalmo.
1469 4729 1604 4797 dicitur:
1637 4731 1720 4798 Ante
1743 4737 1866 4814 sociem
1893 4739 1982 4797 ιιιαιιι
2003 4734 2088 4812 &ott
2108 4736 2167 4797 eti

149 4814 254 4880 tatia:
286 4816 344 4881 ubi
365 4836 434 4882 non
457 4827 509 4883 est
530 4814 636 4897 fides,
668 4826 720 4882 ost
748 4812 829 4904 iugo
852 4828 886 4883 et
900 4815 1057 4882 fremitus
1078 4815 1138 4881 ad·
1186 4816 1280 4883 Deus
1302 4827 1405 4882 terret
1427 4818 1532 4883 corda
1552 4837 1639 4884 voce
1660 4826 1984 4905 arguentepeccata.
2017 4814 2090 4882 Nec
2111 4815 2168 4882 ab·

149 4918 273 4966 versus
282 4900 407 4982 Deum,
428 4914 463 4969 et
478 4903 611 4988 quidem
625 4902 799 4970 horribilis
811 4900 903 4990 ingo,
926 4912 960 4970 et
980 4902 1138 4990 quiddam
1187 4904 1289 4969 surde
1311 4903 1446 4970 dicitur:
1468 4923 1542 4970 eam
1564 4923 1684 4971 vacem
1705 4922 1784 4968 esse
1798 4902 1901 4988 Legis
1923 4912 1957 4967 et
1975 4897 2168 4988 Evangeliit

149 4984 420 5057 involuntarium.
463 4987 556 5078 Ergo
579 4990 811 5056 discernamus
830 4990 1065 5057 comritionom
1075 4986 1147 5055 Pe,
1186 4992 1264 5079 quia
1285 4987 1341 5057 lox
1362 4993 1520 5072 ostendit,
1542 5011 1628 5075 quae
1656 4989 1722 5055 sint
1741 5001 1883 5074 peccata
1904 4988 1938 5054 in
1961 4984 2038 5076 lege
2057 4987 2167 5073 prono

149 5073 193 5138 ιη’
225 5075 394 5143 mentione
419 5074 516 5157 fidei,
549 5096 571 5141 a
592 5076 793 5143 contritione
819 5075 934 5158 lutiae,
966 5094 1052 5163 qnae
1085 5085 1138 5143 cst
1187 5079 1266 5144 bita.
1309 5076 1531 5164 Euangeliou
1553 5076 1698 5143 ostendit
1718 5075 1785 5140 hoc
1805 5086 1996 5161 peccatum:
2020 5074 2087 5154 Qut
2102 5094 2168 5142 oon

150 5157 226 5228 aine
258 5159 335 5230 fide.
390 5161 468 5230 Non
502 5182 590 5250 opus
616 5174 669 5229 ost
690 5163 862 5248 disputare
884 5163 928 5230 dc
948 5159 1137 5230 voluntarie
1185 5167 1289 5233 meda
1303 5169 1339 5232 io
1358 5165 1489 5245 ditiora,
1510 5171 1621 5232 ananei
1641 5169 1695 5230 iro
1714 5166 1780 5230 oei
1797 5182 1899 5248 asper
1918 5181 2003 5231 ano.
2036 5160 2074 5231 ln
2095 5169 2168 5228 toto
2242 5220 2248 5239 ,.
