4620 5588
134 149 201 217 tto

136 335 266 424 lapsos,
299 357 382 403 usus
413 347 466 401 est
481 377 483 382 -
498 335 701 424 allegatione
731 332 831 399 huius
864 336 1126 420 consuetudinis,

140 425 184 493 sd
218 421 426 490 refirtandum
460 419 640 491 Meletium.
691 421 749 487 Sic
781 421 879 486 etiam
911 440 976 486 nas
1007 441 1127 487 sumus

138 512 301 578 custodes
322 509 422 576 huius
443 508 548 588 ritas,
579 522 614 574 ut
646 509 826 595 posteritas
847 508 945 588 sciat,
979 508 1070 593 qued
1091 509 1125 572 in

137 595 296 665 Ecclesia
330 599 374 663 sit
406 599 560 662 remissio
594 605 823 681 peccatorum,
851 606 884 660 et
916 595 1007 679 qnod
1039 591 1126 680 lapsi

138 684 206 751 sint
228 686 297 749 reci
321 684 420 750 iendi.
465 685 551 751 Sunt
573 697 682 749 tamen
705 693 738 747 et
760 677 847 747 aliae
869 701 1007 763 musae,
1039 701 1125 766 quas

137 772 277 837 recitavi
299 707 332 835 ln
354 767 428 835 aliis
450 767 552 836 locis:
586 782 620 834 et
652 764 714 834 init
735 779 833 854 grata
855 769 1124 833 commemoratio

135 856 236 925 honis
259 858 434 923 mentibus.
468 857 562 923 Bene
583 856 656 921 seio
679 851 738 919 illa
759 875 797 919 re

135 945 199 1009 sed
232 964 301 1009 non
335 965 418 1011 curo
439 942 534 1011 iilos:
567 940 639 1004 Dar
672 941 714 1006 de
745 877 882 1007 dialetio
915 940 1014 1005 etsist
1034 941 1124 1044 apud

134 1028 372 1118 Epiphaniam:
416 1029 506 1108 idern
546 1026 697 1095 delirium
740 1026 865 1113 sparsit
908 1038 1053 1094 novatus
1090 1049 1125 1093 ιιι

135 1115 290 1184 Enniana
310 1115 480 1196 Ecclesia,
501 1116 590 1204 quod
612 1111 768 1181 iieletius
789 1116 823 1181 in
845 1109 1080 1181 Alexandr-lua

822 851 958 919 rehendi
970 856 1013 920 ab
1031 849 1123 921 aliis:

209 1404 270 1511 ax
291 1442 499 1511 auronun
520 1440 745 1511 annosum
767 1438 1050 1508 aaarsonus.

340 1638 451 1743 Quid
483 1640 685 1754 signifieat
715 1635 923 1723 Galilaea?

106 1919 109 1924 r
223 1856 315 1920 Galil
334 1858 424 1943 apud
458 1856 634 1922 Hebraeas
668 1867 721 1922 est
751 1853 861 1921 limes.
905 1853 971 1916 Die
1001 1862 1125 1937 grenta

159 1945 214 2011 uia
226 1940 379 2010 Galilaea
400 1941 463 2010 init
485 1955 634 2009 extrema
655 1963 735 2030 pars
752 1940 840 2008 illius
864 1952 1003 2022 tractus,
1025 1963 1123 2027 quem

134 1965 232 2098 Esus
254 2032 402 2097 attribuit
423 2030 479 2095 isti
500 2028 637 2117 populo.
682 2029 749 2093 diat
772 2050 814 2091 cn
836 2027 1048 2094 Phoeniciam
1068 2048 1123 2111 pe-

135 2125 267 2188 rterrere,
289 2117 355 2180 sord
378 2116 484 2179 machi
505 2116 573 2179 siclt
594 2116 698 2179 bemm
719 2137 769 2178 cm
779 2114 910 2186 iarden,
929 2114 978 2176 bis
999 2136 1041 2177 aa
1061 2115 1124 2177 den

134 2215 289 2285 tractum,
321 2205 380 2265 der
401 2204 445 2266 do
473 2202 530 2267 isat
561 2203 722 2286 ysbeissen
754 2203 915 2270 Samaria.
971 2200 1123 2267 Samaria

134 2290 191 2358 hic
213 2312 280 2356 ιιοιι
313 2311 381 2375 pre,
405 2291 529 2377 oppido
562 2291 706 2375 ponitur,
738 2301 777 2356 ut
809 2308 913 2376 saepe
929 2283 1027 2368 alias,
1059 2289 1122 2354 sed

136 2398 199 2464 pru
220 2388 331 2444 tractu
353 2378 444 2442 circa
466 2378 582 2442 arbem
604 2375 798 2442 Samariam.

127 2661 133 2674 ι
245 2708 294 2795 Ιιι
325 2738 406 2822 qna
436 2709 547 2794 habu
576 2707 655 2794 suit
684 2709 762 2794 sita
791 2706 1001 2795 Samaria?

103 2927 118 2942 ⁹
175 2979 179 2986 .
221 2927 260 2994 ln
293 2926 404 2992 tribuo
438 2925 608 3012 Ephraim.
657 2925 816 3032 Ephraim
847 2925 905 2988 bat
925 2927 989 2990 den
1019 2926 1124 2989 herten

137 3014 218 3079 tirsi!
235 3016 328 3077 innan
348 3010 478 3096 prlicit:
504 3009 667 3079 habitavit
691 3034 725 3080 m
752 3012 870 3080 medio.
916 3011 1124 3099 Quamquam

137 3097 310 3170 fertilitate
341 3095 493 3166 Galilaea
515 3118 583 3166 non
604 3096 666 3166 init
693 3095 840 3168 inferior.
885 3096 1036 3167 Galilaea
1063 3097 1126 3165 init

138 3185 241 3269 valde
273 3206 424 3253 amoena
469 3185 704 3254 Nascebantur
735 3187 780 3253 ibi
812 3187 950 3273 pretiosi
982 3183 1124 3253 fructus.

139 3272 193 3427 Ep
215 3269 435 3425 prcipgerunt
456 3269 551 3339 multi
582 3295 626 3340 ex
651 3272 773 3340 iudaea
794 3274 893 3340 etiam
924 3273 1032 3343 sancti
1064 3273 1124 3341 ho·

139 3381 264 3430 mnes:
307 3359 451 3428 ortassis

140 3448 264 3515 veham
285 3444 461 3534 pontifices
483 3371 622 3513 propter
642 3357 732 3426 bella
758 3360 926 3442 intestina,
947 3377 1034 3446 qua,
1054 3381 1124 3427 m„

506 3468 527 3513 e
547 3446 749 3554 principatur
770 3446 858 3514 Fieri
881 3447 977 3512 etiam
998 3458 1123 3532 potest,

137 3534 232 3689 mpod
253 3533 375 3600 inerint
389 3545 642 3618 persecutiones
659 3545 864 3613 sanctorum,
884 3545 1023 3620 prepter
1039 3554 1124 3620 qaas
1147 3549 1152 3615 ι

187 3672 198 3707 s

142 3621 525 3775 tantillitati
554 3619 891 3794 risibilia
904 3617 1063 3794 m..
1089 3620 1124 3686 ¹¹¹

222 3792 290 3860 ista
324 3753 423 3859 {xiiia
457 3753 700 3881 coniidmanda
732 3805 823 3872 sunt,
856 3807 893 3862 ut
925 3792 1124 3880 cogitemus,

261 3877 454 3947 mirabiliter
475 3876 631 3947 Ecclesia
665 3892 868 3948 conservata
898 3875 1009 3960 fuerit,
1036 3880 1125 3947 sient

135 3900 239 4037 hii?
242 3987 345 4053 saepe
368 3967 446 4048 dixi,
467 3987 621 4054 maguam
634 3963 896 4034 consolationem
908 3986 998 4047 esse,
1020 3986 1124 4053 quan·

138 4055 182 4120 dc
205 4054 356 4122 videmus
385 4054 571 4119 custoditas
599 4073 678 4120 esse
709 4048 785 4119 ilias
817 4054 1123 4140 praestantissimas

135 4151 320 4220 matronas,
353 4151 386 4206 et
407 4141 567 4228 virgines,
599 4138 750 4220 Mariam,
783 4152 817 4206 et
838 4137 937 4207 buius
958 4159 1123 4220 sororem,

136 4237 170 4293 et
186 4220 283 4305 alias,
306 4225 425 4315 quales
452 4223 576 4293 multae
597 4226 732 4294 inerunt
759 4237 971 4312 praestantes
1003 4225 1123 4307 iorma,

137 4311 285 4465 in'gcrrio,
317 4324 353 4380 et
380 4314 555 4400 sapientia,
589 4325 624 4380 et
654 4334 722 4382 non
754 4314 891 4402 ignotae
924 4314 1067 4381 ducibus
1088 4325 1124 4380 et

133 4420 167 4467 m
193 4400 303 4466 itibus.
348 4398 437 4467 istae
469 4397 674 4468 excellentes
705 4413 879 4467 matronae
909 4413 942 4466 et
974 4400 1122 4487 virgines

135 4485 372 4573 habitaverunt
404 4487 450 4553 ibi
481 4488 515 4552 in
548 4484 634 4554 locis
666 4508 734 4553 non
763 4488 908 4554 mutiuis.
951 4486 1121 4555 Nazareth

138 4576 183 4636 isi
202 4592 340 4657 genereo
361 4580 463 4637 duan
483 4576 542 4635 acie
568 4573 738 4656 Kembcrffi
767 4584 801 4639 et
825 4585 935 4643 tamen
962 4574 1120 4641 divinitus

138 4672 274 4726 servate
296 4670 392 4741 sunt,
415 4672 449 4726 et
471 4662 670 4741 custoditae,
690 4656 844 4747 proiecto
866 4681 934 4727 non
966 4657 1120 4728 humanis

134 4747 322 4833 praesidiis.
376 4746 423 4809 a.
453 4746 551 4813 beist:
587 4747 699 4811 Οιιιιια
730 4747 844 4830 capilli
875 4750 994 4830 eapitis
1024 4750 1121 4812 wiri

134 4835 289 4895 macti
309 4841 391 4897 saar.
429 4831 513 4900 iliae
532 4835 686 4902 sciebant
706 4831 895 4903 Ecclesiam
917 4854 997 4901 ease
1017 4854 1120 4902 curse

135 4914 229 4984 Deo:
261 4922 411 4987 sciebant
443 4941 483 4988 se
515 4939 594 4988 esse
625 4923 774 4989 membra
793 4917 982 5003 Ecclesiae,
1013 4932 1048 4989 et
1080 4940 1121 4989 se

135 5005 266 5072 servari
287 5006 455 5074 divinitus.

224 5087 305 5160 ilihi
326 5112 431 5185 saepe
452 5111 595 5182 magam
621 5090 846 5164 aemulationi
871 5089 934 5167 fult
961 5093 1120 5184 sedistis

777 144 888 211 Pilll..
913 142 1017 212 biEI..
1040 143 1230 212 scama
1251 144 1516 212 EXEGE'ilCA.

1177 336 1220 400 de
1242 333 1438 400 defensione
1459 334 1600 400 istarum
1631 333 1817 414 mulierum,
1850 356 1925 402 curn
1957 348 2161 423 vagarentur

1176 422 1210 486 in
1231 419 1299 488 illis
1320 418 1406 486 locis
1439 424 1658 507 pessimarum
1681 423 1827 508 gentium
1854 419 1988 502 milites,
2013 422 2106 485 Daren
2126 444 2161 486 es

1175 508 1249 587 aad
1271 507 1351 571 odae
1367 507 1488 587 zweisci
1517 507 1572 569 dte
1604 507 1745 573 basestea
1778 507 1860 571 aeas
1891 510 1962 590 caps
1987 509 2083 572 erden
2108 528 2161 593 pe

1174 615 1283 658 auen.

1147 704 1151 754 ³
1261 714 1407 781 fuerunt
1428 715 1474 780 ibi
1496 713 1654 801 Aegyptii
1675 711 1809 795 milites,
1832 714 1975 802 Syriaci,
1997 713 2161 797 Parthici,

1175 803 1286 868 ludaei
1320 804 1501 887 Apostater
1537 802 1682 887 denique
1709 799 1770 866 fuit
1801 803 1951 888 pessima
1985 799 2161 870 colluvies.

1175 887 1316 954 Romani
1339 885 1440 973 paulo
1469 885 1626 953 meliores
1653 886 1807 968 inerunt,
1882 889 1893 953 i
1920 899 2090 975 utcunque
2110 908 2163 954 re·

1175 976 1341 1041 tinuemnt
1363 971 1584 1058 disciplinam.
1635 972 1705 1036 Wie
1730 973 1781 1035 iir
1807 909 1905 1054 sels,
1932 971 2039 1041 fuisse
2066 994 2164 1062 prae·

1175 1073 1305 1128 stantes
1327 1062 1436 1129 viros:
1461 1058 1651 1126 Cornelium
1674 1072 1708 1126 et
1730 1057 1977 1139 centurionem,
2010 1063 2068 1148 qni
2090 1057 2163 1136 furt,

1173 1160 1211 1215 ut
1232 1150 1277 1214 ita
1299 1148 1419 1225 dicam,
1442 1148 1591 1213 concivis
1614 1145 1746 1213 Christi.
1790 1146 1841 1208 ist
1867 1150 1918 1211 ein
1935 1148 2054 1227 frcmer
2063 1147 2164 1211 Massa

1146 1255 1332 1388 etc.
1354 1232 2164 1400 ..inaccessorum

1173 1408 1304 1474 rodem:
1338 1410 1415 1495 quia
1436 1405 1648 1491 capernaum
1668 1408 1751 1471 inan
1784 1402 1845 1472 iuit
1877 1407 2068 1472 subditione
2096 1406 2163 1474 fle-

1172 1495 1277 1572 rodis,
1309 1494 1372 1559 sed
1405 1490 1467 1559 fuit
1489 1495 1646 1579 oppidum
1668 1493 1855 1559 immediate
1883 1493 2018 1558 ditionis
2040 1492 2163 1559 lloma·

1172 1600 1251 1660 nae,
1270 1579 1328 1642 bat
1348 1579 1436 1642 nicht
1456 1580 1568 1662 peior-t
1596 1581 1641 1645 ad
1661 1576 1888 1645 Tetrarchiam
1917 1578 2073 1646 Herodis.
2112 1580 2163 1644 ist

1174 1670 1225 1730 ein
1247 1665 1405 1732 Centurio
1427 1666 1472 1728 da
1492 1687 1652 1749 pererras,
1685 1665 1744 1726 der
1764 1663 1821 1727 aas
1841 1665 1946 1746 beselel
1964 1664 2080 1751 quait
2102 1686 2162 1731 na-

1173 1753 1261 1818 mine
1283 1752 1521 1818 Romanorum.
1564 1750 1601 1818 ln
1622 1751 1675 1818 bis
1702 1751 1764 1817 suit
1793 1749 1870 1835 plus
1897 1754 2083 1839 gravitatis.
2112 1751 2164 1818 lta

1175 1837 1525 1990 videtistiralbiiiter
1545 1840 1675 1905 servari
1702 1834 1892 1904 Ecclesiam
1925 1840 2090 1906 adversas
2111 1836 2162 1905 fu·

1176 1945 1272 1991 rores
1329 1925 1405 1990 iabo
1419 1927 1440 1990 i.

1260 2027 1368 2094 Etiam
1391 2048 1454 2094 nos
1477 2049 1567 2096 nnnc
1599 2027 1754 2093 sedemus
1777 2027 1812 2090 in
1834 2025 1966 2112 magnis
1988 2025 2160 2113 periculis.

1174 2115 1300 2202 hlagna
1322 2126 1375 2180 est
1396 2116 1508 2182 rabies
1530 2112 1712 2192 hominum,
1734 2131 1876 2198 magnus
1898 2111 1992 2178 imur
2013 2111 2161 2195 Diaboli,

1175 2213 1284 2268 tamen
1306 2199 1403 2266 Deus
1424 2203 1573 2268 servabit
1602 2197 1735 2285 aliquos
1758 2210 1889 2277 coetus,
1911 2196 2095 2266 clamantes
2118 2201 2163 2266 ad

1173 2309 1261 2364 eum,
1285 2297 1319 2352 et
1339 2299 1493 2374 petentes
1515 2285 1682 2354 auxilium.

1146 2439 1148 2461 .
1260 2391 1317 2457 Sic
1340 2392 1501 2457 describit
1523 2387 1710 2457 Ecclesiam
1732 2386 1866 2455 Esaias:
1922 2386 2025 2450 Parra
2045 2391 2078 2451 in
2108 2411 2162 2454 ere

1145 2489 1148 2521 ²
1173 2487 1228 2542 tao
1248 2477 1370 2540 eerbmn
1391 2498 1497 2552 mame,
1519 2486 1551 2540 et
1570 2476 1677 2540 crimea
1716 2474 1868 2536 antece
1889 2495 1975 2536 meae
1991 2483 2163 2558 protectam

1145 2576 1150 2635 t
1172 2573 1214 2639 ie,
1236 2572 1272 2628 at
1289 2563 1419 2646 plantes
1439 2565 1559 2628 coelom
1591 2563 1647 2626 Dc
1667 2560 1756 2625 redet
1778 2581 1813 2624 er
1834 2560 1877 2626 de
1898 2560 2090 2635 ministeria,
2112 2573 2163 2631 at·

1172 2671 1240 2738 qne
1260 2652 1308 2716 ita
1329 2651 1373 2716 de
1393 2661 1465 2716 tata
1486 2647 1656 2717 Ecclesia:
1688 2647 1802 2726 Ponti,
1834 2646 1868 2712 in
1892 2649 1951 2727 uit,
1978 2650 2014 2710 ia
2030 2668 2086 2711 ore
2106 2654 2162 2715 tue

1172 2736 1295 2800 miron
1317 2757 1420 2799 neon
1465 2737 1560 2804 ilaec
1583 2747 1636 2805 est
1656 2733 1838 2821 descriptio
1912 2731 2052 2802 clasiae:
2082 2735 2162 2822 qnia

1172 2820 1328 2890 Ecclesia
1354 2823 1454 2889 debet
1485 2844 1609 2890 souare
1640 2838 1759 2889 rocem
1791 2819 1947 2900 divinam,
1975 2821 2161 2890 doctrim

1173 2907 1349 2997 Evangelii
1369 2910 1606 2998 incorruptam.
1651 2908 1777 2975 l’ostea
1794 2905 1902 2972 addite
1923 2907 2032 2971 ecura
2052 2927 2161 2972 mame

1174 3017 1260 3063 mesu
1264 3004 1433 3079 prosaycas
1443 3003 1490 3062 n.-
1500 3017 1568 3063 ncn
1579 2995 1720 3063 habebis
1733 2987 1960 3061 defensionem
1971 2992 2160 3061 humanam.

1174 3081 1266 3150 Volo
1287 3095 1399 3151 tamen
1427 3102 1567 3150 serrare
1588 3079 1778 3150 Ecclesiam
1810 3083 1898 3148 inter
1929 3081 2161 3168 motiones

1174 3166 1324 3248 militam,
1345 3171 1433 3236 inter
1453 3170 1580 3236 medias
1601 3171 1715 3237 ruinas
1737 3165 1965 3252 imperiorum,
1986 3168 2074 3234 inter
2090 3177 2159 3235 tur·

1175 3259 1249 3338 bas,
1282 3268 1316 3323 et
1336 3253 1495 3324 tumultus
1527 3254 1707 3335 bominum,
1738 3256 1827 3320 inter
1857 3252 1990 3321 iurares
2012 3250 2157 3322 Diaboli.

1174 3343 1318 3423 Videtis,
1349 3356 1493 3430 quantae
1515 3343 1581 3410 sint
1614 3341 1830 3412 confusiones
1862 3343 1897 3407 in
1918 3342 2161 3429 gubernatione

1148 3432 1377 3541 'principuus
1407 3443 1526 3518 postea
1582 3431 1673 3497 nanti
1705 3427 1839 3496 furores
1871 3426 2041 3494 homiuum
2071 3427 2160 3493 brter

1174 3536 1266 3596 sess,
1309 3518 1521 3584 incitantibus
1594 3514 1723 3584 iabolis.
1790 3512 1968 3580 Praeterea
2010 3512 2158 3601 Tyranm

1175 3602 1278 3669 edunt
1299 3603 1421 3683 edicta,
1442 3617 1476 3669 et
1498 3597 1646 3671 condunt
1667 3605 1846 3690 dogmatas
1879 3601 1978 3667 etiam
1999 3601 2157 3666 domoras

1174 3691 1261 3757 inter
1282 3709 1321 3757 se
1342 3692 1479 3756 turbant
1496 3691 1695 3757 doctrinamr
1717 3702 1828 3755 tamen
1851 3689 1936 3754 inter
1956 3685 2020 3753 hos
2041 3683 2157 3754 tumui

1826 1038 1834 1049 ι’

1174 3788 1244 3856 tus,
1265 3778 1351 3842 inter
1370 3774 1435 3842 bos
1456 3775 1589 3843 inroras
1612 3776 1707 3844 Deus
1728 3786 1844 3843 servat
1864 3771 2065 3854 Ecclesiam,
2086 3791 2159 3840 ser-
2265 3780 2269 3787 '

1176 3875 1233 3928 vat
1254 3859 1386 3949 aliquos
1408 3874 1539 3949 costus,
1573 3876 1608 3930 et
1629 3865 1662 3929 in
1695 3860 1761 3930 illis
1793 3882 1890 3929 suam
1911 3881 2042 3939 vocem,
2075 3861 2161 3949 tegit

1173 3949 1267 4034 ipsas
1306 3969 1473 4035 personas
1505 3963 1666 4016 sonantes
1704 3968 1823 4018 vocem
1855 3947 2039 4033 docuinae,
2072 3947 2161 4015 sicut

1175 4046 1256 4102 tunc
1276 4036 1358 4100 texit
1390 4034 1467 4102 illas
1490 4032 1667 4118 toemtnas,
1688 4033 1829 4104 Mariam
1849 4044 1885 4100 et
1910 4052 2064 4101 sororem
2084 4033 2160 4100 eius

1198 4123 1295 4188 nibus
1313 4117 1395 4188 nibil
1416 4119 1477 4188 init
1492 4119 1666 4209 pulchrius
1688 4124 1721 4188 in
1744 4133 1814 4188 toto
1847 4139 1972 4209 genera
1998 4119 2159 4186 bumana.

1211 4207 1257 4271 nd
1277 4207 1517 4272 ‹11⁶0st
1548 4207 1648 4273 beate
1667 4229 1817 4293 praeses,
1843 4216 2056 4294 praestantes
2088 4204 2158 4273 for·

1172 4316 1240 4376 ma,
1260 4295 1396 4374 virtute,
1423 4307 1457 4364 et
1479 4295 1655 4382 sapientia,
1675 4296 1741 4359 aad
1773 4292 1851 4356 aller
1870 4313 1937 4354 aar
1957 4313 2029 4355 mors
2060 4290 2160 4357 scida

1171 4381 1262 4448 isit.
1306 4378 1407 4448 'iales
1429 4393 1642 4470 appetuntur,
1664 4394 1698 4449 et
1719 4393 1829 4449 umen
1850 4390 1930 4446 suut
1951 4390 2119 4446 servatae.

1259 4485 1404 4555 Additur
1435 4497 1546 4554 autem
1579 4487 1613 4552 ln
1646 4484 1769 4552 Esaia:
1809 4483 1853 4548 Ut
1883 4482 2010 4564 plastes
2040 4480 2158 4549 codsa

1170 4571 1289 4650 Qualis
1310 4583 1365 4640 est
1385 4573 1514 4661 ligurai
1556 4570 1619 4639 Est
1638 4570 1848 4658 Metapbnra.
1882 4568 1928 4633 Ut
1944 4568 2072 4652 plaster
2090 4588 2160 4634 ees·

1172 4659 1237 4724 tos:
1258 4658 1292 4724 id
1315 4671 1387 4740 est,
1409 4671 1445 4726 ut
1467 4655 1599 4744 plantes
1620 4656 1822 4737 Ecclesiam,
1851 4676 1938 4743 quae
1962 4665 2017 4722 est
2036 4652 2159 4724 hortus

1172 4741 1345 4816 eoelestis.
1388 4743 1517 4812 ancon
1537 4747 1582 4813 ad
1603 4745 1813 4824 Paradisum,
1844 4754 1879 4810 et
1904 4743 1934 4807 si
1993 4739 2073 4808 iicet
2092 4739 2159 4810 Ec·

1172 4831 1324 4913 clerium,
1346 4853 1433 4918 quae
1453 4832 1487 4898 in
1508 4828 1574 4898 hac
1595 4833 1664 4897 vita
1687 4827 1867 4919 colligitur,
1886 4825 1907 4895 i
1954 4841 2061 4895 turam
2076 4846 2160 4896 use

1170 4930 1307 4987 aetem
1327 4920 1491 4988 societate
1511 4917 1679 4985 bominum
1690 4927 1929 4983 sanctorumet
1945 4909 2158 5002 augelemn,

1170 5005 1261 5093 apud
1299 5005 1420 5073 Deum.
1474 5003 1542 5071 Pro
1565 5004 1665 5071 hetae
1696 5003 1940 5090 insignivernnt
1970 5019 2038 5068 sua
2065 5000 2157 5071 dieo

1171 5092 1290 5183 igurb
1311 5104 1346 5159 et
1365 5027 1574 5182 napaeis
1618 5102 1657 5158 ut
1683 5100 1800 5156 essem
1830 5083 2014 5174 illustriora
2039 5096 2076 5154 et
2094 5106 2155 5154 aa·

1646 5244 1649 5251 .

1277 5256 1281 5264 a

1415 5273 1426 5283 e
