4620 5588
196 94 211 125 1

174 392 285 458 δίεισι
305 388 528 456 matidiae
549 386 665 468 noni,
691 340 860 474 loquendo
885 387 930 454 da
951 405 1057 473 opero
1081 405 1157 474 ope
1209 385 1330 455 Dauid.
1375 381 1531 450 Christus
1552 384 1703 470 opponit,
1726 392 1865 453 contra:
1898 381 2050 452 Porinas
2069 384 2190 469 inques.-

174 476 649 635 11ῗ111ιὶ11ἕ5111111111111ω
671 475 759 541 iuter
779 474 929 541 instituta
941 473 1112 553 dividitus,
1124 484 1159 541 ει
1208 471 1313 624 iffi,
1333 473 1490 540 danicae
1516 468 1658 539 Domino
1689 491 1767 538 neo.
1822 467 1904 537 inde
1935 470 1987 536 sio
2018 489 2192 557 argumen-

305 681 448 748 Contrm
477 678 615 762 [Psalm.
644 680 713 762 ot]
745 681 856 765 Asper
932 698 993 745 -nte
1019 678 1160 746 Domine

349 768 509 855 hyssopo,
539 775 572 833 et
599 766 791 833 mnndahor.
836 765 887 831 ii
916 764 1034 832 David
1060 767 1159 831 atiani

353 855 434 920 dicit
451 875 487 920 se
503 856 659 919 rnmtdari
673 853 902 938 conspartione
922 851 1072 937 hyssopi:

306 940 396 1093 Erpa
416 941 565 1009 rescissio
583 948 794 1024 peccatoram
812 940 947 1025 oono‘pit
955 946 1095 1023 propter
1107 945 1158 1005 ta·

359 1030 395 1093 io
416 1044 530 1114 opera.

2124 189 2193 263 sis
2268 144 2275 154 ’

867 194 1088 293 cosmas
1108 191 1510 271 nassamomasa
1539 254 1545 267 .

1340 676 1461 743 Nullas
1480 676 1567 764 filius
1588 685 1637 743 est
1657 678 1807 743 dominas
1826 678 1882 744 rui
1898 678 2032 763 patris:

1339 764 1487 847 Messias
1506 772 1556 830 est
1571 763 1658 851 filins
1680 765 1837 830 llnoidis:

1338 850 1430 938 Erpa
1449 869 1515 917 non
1536 858 1585 916 ert
1605 852 1753 917 dormires
1773 854 1829 917 scr·
1846 851 1966 936 patris.

1295 986 1416 1054 Nonne
1437 987 1547 1054 llleior
1568 999 1623 1055 est
1644 988 1749 1055 varai
1775 987 1878 1053 Wenn
1898 988 2193 1055 dudeinesoutm

1210 1073 1289 1140 herr
1309 1075 1377 1141 roiit
1397 1093 1493 1161 sapa,
1519 1094 1558 1141 so
1579 1076 1632 1161 soi
1653 1094 1693 1141 cr
1724 1075 1800 1143 otton
1824 1078 1877 1141 ins
1908 1073 2193 1141 norrcaireassierit

261 1163 475 1251 Respondco.
525 1164 603 1230 Non
631 1160 779 1248 loquitur
812 1164 855 1228 de
877 1181 981 1248 apere
1003 1170 1158 1247 operato:
1209 1169 1325 1227 setzen.
1368 1158 1430 1226 llla
1452 1172 1504 1225 ast
1525 1161 1682 1247 patientia
1704 1173 1736 1227 ct
1765 1163 1850 1228 ordo
1872 1162 2018 1228 divinusr
2052 1160 2192 1230 Honora

84 1293 87 1299 ·
120 1246 126 1257 ⁸
176 1257 251 1338 quia
273 1253 348 1337 ipse
364 1253 460 1317 dicit:
481 1250 523 1316 di
553 1252 711 1318 ooiar‘sses
742 1248 953 1335 sacrificium,
982 1248 1159 1315 moneam
1209 1255 1340 1334 patrem
1361 1256 1392 1314 et
1413 1254 1559 1327 matrem,
1581 1259 1645 1313 etc.
1697 1246 1802 1315 Womt
1823 1248 1923 1313 sciron
1946 1245 2192 1313 illenimilianua

175 1351 206 1404 at
233 1340 369 1424 opponit
395 1337 542 1404 externis
569 1335 747 1404 sacrificiis
772 1356 831 1402 cor
853 1338 1027 1402 contritum
1051 1343 1083 1400 et
1102 1334 1158 1399 to
1210 1335 1349 1419 primus,
1382 1347 1415 1399 et
1445 1331 1588 1400 Carolus
1619 1334 1753 1418 quintus
1786 1334 1869 1400 noch
1901 1334 2033 1414 tricem,
2061 1333 2192 1399 etiamsi

174 1425 349 1489 indictam:
388 1420 536 1510 loquitur
562 1437 675 1490 autem
705 1422 749 1489 da
770 1421 978 1509 significator
1010 1425 1160 1507 Asperpc
1211 1418 1356 1487 Carolus
1378 1421 1517 1487 haberet
1538 1417 1640 1486 iatius
1662 1422 1853 1500 dominium,
1876 1432 1986 1487 minen
2009 1440 2077 1486 nott
2099 1430 2192 1487 essct

174 1531 222 1575 me
245 1512 403 1596 hyssopo,
431 1510 465 1574 id
495 1521 558 1586 ast,
586 1510 752 1596 sanguina
772 1507 931 1589 llessiae,
953 1508 1010 1594 qui
1033 1507 1157 1594 signill-
1210 1508 1364 1573 donuinus
1397 1504 1628 1572 Maximilinniz
1659 1504 1905 1573 hiaximilianus
1937 1508 2063 1592 primus
2096 1515 2192 1573 assat
2234 1532 2239 1545 ¹

173 1598 315 1661 eahatur
338 1617 399 1682 per
416 1594 506 1660 illam
531 1597 815 1681 conspersionem.
861 1592 896 1659 id
920 1595 1066 1660 ostendit
1088 1604 1158 1659 tota
1209 1594 1315 1659 isius
1348 1594 1503 1660 dominus
1533 1595 1611 1665 iura
1637 1608 1795 1673 naturae,
1834 1604 1866 1660 et
1900 1595 1979 1681 quia
2012 1606 2065 1658 est
2099 1593 2191 1679 prior

173 1681 360 1767 Scriptura,
390 1702 424 1747 et
452 1683 486 1746 in
507 1680 612 1766 Epist.
636 1682 679 1746 ad
709 1680 883 1747 ilebraeos
907 1677 999 1746 clara
1021 1680 1157 1746 dieitur:
1241 1700 1295 1745 ea.

172 1767 377 1852 Impossibile
408 1776 483 1834 erat
514 1787 577 1854 per
608 1770 796 1851 conpuncta
823 1777 996 1834 imtrotnrn
1029 1763 1162 1849 orlani
1296 1762 1872 1851 RespondcoadlllaioremchiIns
1882 1764 1969 1852 filiae
1985 1766 2191 1833 esidomians

173 1862 320 1940 peccota.
1209 1851 1264 1919 sui
1282 1855 1411 1938 patris,
1444 1849 1576 1917 scilicet
1607 1853 1644 1917 in
1674 1852 1789 1918 aridem
1816 1861 1941 1918 notura
1968 1859 1999 1916 et
2025 1854 2061 1917 in
2082 1853 2192 1919 eodan

246 1939 297 2006 Lo
323 1938 573 2026 uituriigurate,
586 1941 756 2005 sicuttota
768 1936 895 2004 leniuit
907 1938 1028 2027 ligura.
1051 1937 1158 2004 Etiam
1208 1958 1320 2023 repro.
1344 1936 1499 2004 (ilrristus
1522 1934 1593 2004 vult
1614 1938 1664 2002 eis
1686 1939 1878 2004 concionari
1900 1935 2093 2004 dellessia:
2119 1937 2191 2004 Vos
2279 1974 2290 2003 t

172 2023 289 2116 politia
300 1961 363 2092 init
376 2025 493 2113 figura.
517 2025 611 2091 Sicut
627 2022 737 2092 adhuc
749 2022 873 2090 multae
885 2022 1159 2110 suntpuleherri·
1209 2022 1384 2091 Pharisaei
1428 2022 1510 2090 nihii
1553 2024 1648 2089 scitis
1680 2025 1723 2090 de
1754 2023 1904 2102 hiessia,
1938 2025 2114 2109 disputatis
2148 2025 2191 2091 de

171 2134 247 2179 mae
258 2114 407 2199 picturae
418 2113 451 2177 in
470 2110 623 2199 politicis.
648 2110 804 2178 Definitio
822 2112 964 2176 iustitiae
979 2108 1158 2197 particula·
1208 2102 1308 2196 lege,
1341 2122 1375 2176 et
1407 2132 1474 2177 non
1508 2108 1691 2196 intelligitis
1725 2132 1815 2176 earn:
1869 2111 1944 2176 Non
1979 2112 2072 2176 scitis
2113 2111 2190 2177 ideo

170 2201 230 2282 ris,
242 2211 294 2265 est
304 2200 434 2284 pictura
448 2197 630 2265 voluntatis
640 2196 718 2264 Dei.
740 2197 872 2264 lustitia
890 2207 941 2263 est
956 2200 1158 2283 eeqooiitas:
1232 2200 1412 2263 remissum
1435 2217 1515 2264 esse
1536 2196 1708 2278 hiessiam,
1737 2208 1773 2263 nt
1801 2197 1846 2263 sit
1867 2198 2070 2263 instaurator
2091 2195 2189 2284 legis.

172 2287 218 2351 ita
230 2285 324 2351 Deus
338 2299 390 2351 est
408 2281 560 2372 aequalis
578 2286 675 2351 nobis·
694 2287 856 2350 omnibus.
880 2282 985 2349 Filius
1003 2285 1159 2349 submisit
1242 2303 1281 2348 os
1304 2283 1562 2362 dehetisscire,
1593 2304 1657 2350 vos
1678 2303 1745 2348 nou
1769 2302 1846 2348 esse
1868 2285 1974 2348 iustos
2004 2281 2095 2370 lege:
2125 2303 2190 2351 vos

172 2370 308 2438 seinsra
321 2392 437 2437 omnes
458 2383 641 2450 creaturas,
660 2382 693 2436 et
712 2367 823 2436 sactus
841 2382 893 2435 est
911 2367 1061 2457 aequalis
1079 2369 1157 2436 mihi
1208 2389 1275 2434 non
1297 2373 1417 2435 mereri
1440 2371 1669 2436 remissionem
1696 2381 1909 2454 pcccatorum
1940 2371 2101 2450 victimis,
2133 2381 2191 2436 attt

173 2470 207 2524 ει
219 2456 296 2523 aliis
308 2458 501 2522 miserrimis
513 2459 760 2541 peccatoribus,
771 2470 806 2522 ut
818 2476 881 2522 nos
896 2451 1024 2522 iaceret
1035 2461 1157 2541 aequa·
1207 2451 1295 2542 lege,
1317 2457 1380 2522 sed
1401 2468 1576 2521 venturum
1600 2474 1679 2522 esse
1712 2476 1826 2521 semen
1847 2455 2067 2542 promissam,
2099 2456 2190 2543 qnod

86 2586 101 2593 ‚
171 2541 235 2610 les.
278 2544 355 2610 Das
375 2546 420 2609 ist
436 2539 655 2627 farpehiidet,
688 2544 822 2628 quando
855 2543 989 2608 dicimos
1021 2542 1158 2608 Iustitia
1206 2543 1388 2608 merebitur
1398 2543 1629 2608 rcrrtissionem
1645 2545 2191 2627 peecatorum,remittetpeccata,

170 2638 221 2697 est
243 2632 436 2715 oemmiitos.
467 2629 538 2693 Oro
560 2650 624 2696 vos
647 2641 681 2696 ει
703 2631 857 2695 obtestor
902 2640 1013 2714 roptcr
1036 2628 1156 2709 Deum,
1207 2626 1301 2695 tollet
1323 2643 1462 2709 reatum,
1483 2642 1518 2695 et
1538 2630 1657 2695 reddet
1678 2630 1852 2708 iustitiam,
1884 2640 1919 2695 ει
1949 2630 2049 2695 vitam
2083 2641 2191 2700 aeter·

171 2728 209 2786 ut
236 2715 413 2803 diiigenter
447 2716 585 2782 discatis
621 2718 835 2782 considerare
863 2651 1093 2803 liecetogum,
1122 2726 1156 2781 at
1206 2735 1299 2780 naor:
1327 2718 1404 2801 quia
1433 2716 1603 2799 praeditus
1633 2725 1686 2781 est
1718 2717 1866 2804 potentia
1889 2716 2010 2780 divina.
2055 2712 2115 2781 lile
2136 2725 2191 2783 est

172 2824 214 2869 oo
241 2803 329 2870 itatis
352 2823 432 2870 esse
454 2802 651 2888 sapientiam
673 2801 792 2882 talem,
825 2821 915 2886 quae
947 2823 1015 2869 non
1043 2814 1155 2888 potest
1204 2800 1348 2869 Doridis
1371 2802 1536 2881 dominus,
1554 2820 1622 2870 non
1644 2813 1697 2868 est
1718 2813 1844 2867 tantum
1868 2799 1973 2882 lilius3
1996 2800 2075 2888 quia
2096 2803 2129 2867 in
2148 2823 2189 2870 eo

171 2825 351 2957 exhauriri.
395 2891 472 2956 Non
493 2889 624 2956 debetis
647 2891 813 2978 cogitaret
834 2889 915 2950 tans
933 2888 1017 2951 doct
1038 2893 1089 2951 ein
1110 2892 1155 2951 ie·
1205 2899 1259 2954 est
1293 2898 1412 2953 natura
1445 2889 1573 2967 divina,
1611 2900 1644 2954 et
1672 2888 1772 2954 hahet
1804 2886 1894 2954 aliud
1928 2908 2088 2975 regnum,
2120 2909 2190 2956 non

169 2977 230 3041 der
251 2978 384 3042 harem.
427 2975 522 3043 Deus
555 2977 673 3042 indidit
705 2976 832 3043 semina
864 2977 933 3043 ista
963 2977 1154 3043 notitiarum
1205 2995 1345 3080 regnum
1367 2976 1581 3054 narrationum,
1603 2976 1694 3061 quod
1715 2994 1780 3040 nos
1803 2976 1989 3040 somniatis.
2034 2973 2109 3040 Hoc
2132 2976 2187 3041 de-

170 3066 326 3131 omnihus
347 3062 547 3139 hominibus,
569 3075 601 3129 et
623 3063 692 3129 hac
713 3076 766 3129 est
788 3083 943 3148 tnttgnurn
962 3061 1154 3128 honunrhu·
1205 3059 1313 3126 linunt
1337 3060 1593 3127 Pharisaeorum
1615 3058 1685 3128 vuit
1707 3058 1854 3127 refutare
1876 3061 2051 3141 Christus,
2080 3072 2114 3127 ει
2136 3082 2187 3128 re·

169 3172 291 3218 manae
312 3165 471 3216 naturae:
492 3164 526 3216 ει
546 3152 612 3215 isto
636 3151 725 3216 hono
749 3146 917 3217 antecellit
937 3149 1081 3215 innutana
1097 3169 1153 3214 na·
1204 3147 1291 3215 futat
1309 3150 1463 3233 opposito
1484 3148 1551 3213 hoc
1573 3161 1781 3234 argumento,
1804 3150 1895 3234 ‹pmd
1918 3161 1972 3215 εει
1993 3145 2121 3213 firmum
2136 3169 2190 3233 ar·

169 3248 246 3302 tura
282 3238 419 3302 bestiis:
451 3247 564 3302 tamen
599 3257 668 3302 non
690 3238 775 3301 satis
797 3249 869 3313 est,
903 3237 964 3301 sed
993 3236 1154 3301 debemus
1206 3238 1482 3322 gumentumiure
1499 3246 1639 3300 naturae
1657 3248 1691 3301 ει
1701 3236 1810 3321 regni:
1834 3233 1938 3303 Filius
1952 3246 2003 3300 ast
2015 3237 2189 3302 subtectus

170 3324 298 3390 addere
319 3325 481 3401 studium,
511 3323 765 3409 cogitationem,
788 3323 1045 3389 meditationem·
1089 3320 1156 3386 De·
1249 3322 1308 3387 tri:
1331 3319 1563 3401 vivollavide,
1586 3342 1783 3408 quamquam
1802 3319 1962 3387 Salomon
1985 3333 2038 3386 est
2059 3319 2189 3388 electus
2265 3405 2268 3409 Ι

169 3409 294 3475 hernus
328 3411 426 3489 etiam
458 3429 648 3496 agnoscere
679 3406 918 3497 Evangeiium,
955 3410 1016 3476 cte
1043 3429 1077 3474 es
1104 3407 1157 3473 hie
1222 3407 1292 3485 lex,
1313 3418 1424 3472 tamen
1447 3405 1557 3473 David
1581 3422 1634 3474 εει
1655 3410 1809 3494 superior
1831 3405 2022 3474 Salomone.
2052 3407 2187 3477 Sicsuh

171 3495 283 3562 medei.
1206 3492 1378 3558 Friderico
1405 3495 1504 3558 tertio
1525 3492 1769 3560 lllaximilianus
1799 3495 1924 3580 primus
1958 3491 2088 3559 eiectus
2120 3506 2187 3573 est,

1208 3579 1268 3644 sed
1291 3578 1554 3661 Maximilianus,
1589 3583 1696 3647 donec
1717 3581 1799 3647 vixit
1820 3596 1928 3666 pater,
1962 3576 2054 3647 nullo
2088 3583 2188 3648 modo

202 3672 455 3776 Quaestio
486 3668 689 3757 Christi
719 3672 779 3756 ad
814 3671 1127 3758 Pharisaeos

471 3857 532 3912 ex
562 3826 854 3940 Evangelio.

220 4090 224 4095 Ι
258 4010 415 4076 Christus
441 4011 512 4097 pite
535 4013 598 4078 den
624 4010 816 4078 Pharisaeis
844 4012 915 4076 εἰιιε
939 4005 1042 4096 lropa
1069 4007 1157 4094 cerff:

172 4101 243 4163 socii
262 4097 317 4163 ihr
333 4118 372 4162 so
394 4099 520 4182 poledri
548 4101 644 4184 scyti,
675 4100 787 4164 dicite:
811 4097 975 4178 Messias,
997 4100 1089 4163 cto‘res
1110 4107 1159 4163 est

171 4184 298 4249 Filios?
347 4183 430 4251 Vult
463 4205 523 4250 cos
558 4185 773 4251 convincere:
809 4183 860 4249 lili
894 4185 1048 4248 sciebant
1080 4204 1156 4249 eum

170 4269 243 4335 sore
267 4292 309 4336 ex
330 4275 527 4357 posteritate
549 4268 707 4337 Davidisr
737 4284 771 4337 et
795 4268 856 4337 fuit
885 4291 924 4335 ea
947 4267 1071 4348 surtrilia
1098 4271 1155 4335 utl-

171 4354 236 4421 huc
271 4370 362 4437 nota,
393 4360 522 4423 etiamsi
556 4380 623 4423 non
658 4357 804 4423 habebat
834 4355 978 4442 amplius
1002 4377 1152 4441 regnum.

1208 3663 1270 3732 suit
1287 3667 1442 3732 dorniuus
1464 3669 1579 3752 patris.

1296 3750 1420 3819 hlium:
1453 3751 1598 3819 Messias
1624 3761 1673 3819 est
1700 3754 1848 3819 doctam
1874 3752 2036 3832 Doridis,
2066 3755 2126 3820 sed
2153 3755 2189 3819 in
2283 3797 2286 3801 -

1173 3883 1179 3894 ι
1209 3839 1277 3905 aiio
1308 3857 1421 3922 repeto,
1451 3847 1482 3904 et
1513 3859 1580 3905 nort
1612 3848 1736 3906 tontum
1763 3849 1811 3906 esi
1837 3840 2189 3906 caturnicensem

1208 3925 1349 3991 Messio.
1392 3925 1539 3992 lllessios
1561 3941 1613 3994 εει
1635 3929 1838 3993 instaurator
1859 3928 2002 3992 iustitiae
2035 3939 2068 3990 et
2099 3926 2189 3995 vitae

1208 4025 1382 4086 aeternae,
1417 4011 1508 4080 delet
1529 4028 1670 4079 ntortctn
1691 4027 1725 4078 et
1758 4027 1948 4099 peccaterum
1981 4014 2045 4078 dns
2071 4014 2114 4079 isi
2136 4016 2189 4079 εἰη

1209 4100 1315 4164 ander
1335 4100 1426 4185 ditty,
1448 4097 1537 4165 alind
1560 4120 1714 4186 regnum:
1742 4112 1775 4166 et
1797 4112 1850 4166 est
1871 4099 1938 4164 alia
1961 4113 2089 4180 natura,
2111 4103 2189 4186 quia

1210 4199 1327 4251 natura
1350 4186 1461 4251 divina
1485 4199 1537 4268 est
1559 4184 1782 4272 personaliter
1804 4189 1837 4252 in
1860 4187 2007 4252 Christo.
2030 4182 2205 4257 Christus

1208 4284 1260 4336 est
1282 4270 1340 4336 illa
1363 4294 1520 4359 pcrsona,
1542 4275 1574 4337 in
1599 4295 1664 4360 qua
1686 4286 1761 4337 stunt
1777 4275 2022 4355 ‹luocnaturac‚
2044 4272 2209 4340 ltunrana.

1208 4369 1240 4423 et
1262 4361 1385 4440 divina,
1408 4360 1646 4445 propemodum
1670 4372 1705 4426 ut
1728 4360 1868 4425 elicimus
1887 4361 2076 4436 dermhrn3
2098 4362 2187 4426 sicut

172 4443 246 4506 Nero
270 4456 321 4509 est
344 4446 428 4509 enim
452 4446 599 4523 dubium,
626 4446 703 4529 quin
725 4456 822 4528 pater
842 4459 900 4508 aut
921 4463 1006 4508 avus
1029 4443 1154 4507 Zacha·
1206 4446 1316 4511 anima
1338 4458 1369 4510 et
1397 4466 1521 4529 corpus
1550 4445 1716 4528 hominus
1730 4459 1808 4511 suut
1835 4467 1901 4511 rina
1924 4466 2080 4532 persona.
2126 4445 2187 4513 lile

176 4532 257 4607 ria,
280 4529 335 4595 rel
358 4532 524 4596 Simeonis
547 4528 835 4596 sideritultinmm
871 4551 997 4617 regem,
1030 4530 1083 4615 qni
1106 4542 1154 4595 te·
1205 4551 1352 4680 ffrsona
1380 4543 1413 4602 ct
1440 4534 1661 4618 omnipotens.
1706 4529 1741 4597 in
1775 4531 1862 4598 laerte
1889 4533 2040 4598 derivata
2063 4546 2116 4598 est
2137 4537 2187 4599 ira
2226 4554 2228 4559 ·

171 4621 237 4680 nui:
259 4637 395 4701 reguum
415 4639 457 4683 ex
476 4620 671 4701 posteritate
684 4615 808 4695 David,
823 4619 877 4701 qui
895 4630 947 4683 est
960 4613 1153 4681 interiectus
1241 4620 1282 4696 ei,
1304 4619 1365 4683 scd
1389 4640 1456 4682 nou
1479 4632 1607 4685 tantum
1629 4621 1771 4685 sustinet
1794 4622 1875 4684 iram
1899 4620 1974 4698 Dei,
2003 4621 2064 4683 sed
2087 4621 2186 4687 etiam

170 4702 317 4781 inance,
340 4715 488 4787 tempore
512 4704 589 4769 helii
604 4704 771 4768 Antiochi.
816 4704 885 4767 Sub
910 4702 1079 4767 Antiocho
1098 4702 1156 4770 hot
1205 4705 1318 4783 vineit,
1340 4701 1454 4770 aholet
1476 4721 1650 4790 peccatum
1674 4719 1707 4771 ct
1728 4719 1880 4785 intortam,

171 4788 239 4852 sich
268 4789 332 4853 rius
360 4811 498 4875 regnum
521 4790 662 4855 Doridis
683 4792 849 4856 acriorem:
878 4789 1028 4854 detinctis
1051 4790 1153 4854 hnhm
1206 4788 1281 4856 tium
1306 4804 1338 4856 et
1361 4794 1461 4857 vitam
1483 4805 1662 4859 aeternam.

171 4875 244 4941 sich
266 4876 320 4938 ‹iie
336 4874 478 4959 ploff'en,
501 4879 555 4942 die
572 4878 768 4943 tilaclmbaei
792 4878 1007 4959 r'nrrepinrmt
1016 4883 1152 4962 pesetzt:
1292 4877 1361 4942 lstn
1379 4875 1485 4944 voluit
1506 4900 1566 4944 eos
1585 4881 1707 4945 sineere
1719 4878 1884 4957 Cirtistus,
1903 4888 1936 4944 et
1951 4875 2057 4944 voluit
2069 4890 2186 4946 taxare

172 4982 368 5046 qtrnmqumn
391 4976 485 5046 pater
519 4977 550 5029 et
586 4961 642 5028 lilii
666 4962 798 5028 suerunt
821 4964 898 5026 boui
933 4965 1011 5041 riri,
1041 4977 1151 5028 tamen
1205 4967 1320 5029 corium
1343 4965 1577 5049 ignorantiam,
1601 4967 1688 5052 qtmd
1712 4988 1779 5031 non
1804 4979 1921 5030 norant
1935 4967 2110 5030 discrimen
2125 4965 2185 5032 Le·

170 5049 296 5133 pnsteri
320 5069 434 5112 eorum
465 5050 720 5135 degenerarunt.
764 5048 972 5115 llimicarunt
994 5051 1079 5113 inter
1102 5069 1151 5128 se,
1204 5052 1256 5135 gis
1278 5064 1312 5114 et
1335 5050 1521 5138 Evangelii,
1543 5074 1604 5119 seu
1628 5053 1730 5140 Legis
1753 5065 1785 5118 et
1808 5053 2080 5138 prorutissionum:
2102 5052 2186 5148 ⁸Non

171 5137 258 5201 sicut
279 5133 405 5201 iratres
428 5123 588 5203 Thchuni.
633 5137 700 5224 lpsi
728 5138 951 5221 respondent:
980 5137 1039 5203 list
1064 5135 1152 5223 fitius
1204 5134 1432 5224 intelligebant
1455 5160 1551 5205 usum
1569 5138 1695 5227 Legis3
1717 5160 1824 5226 raeque
1848 5141 2001 5207 sciebant
2024 5139 2185 5207 beneficia

1909 4718 1942 4772 et
1964 4707 2073 4772 reddit
2092 4707 2185 4772 iusti·
