4620 5588
157 207 226 281 ιιι
321 208 327 213 ·
806 200 1539 275 ‚marcomannorum
1655 297 1657 301 Ι
1977 214 1983 219 ·
2111 204 2252 279 ιιι·

158 401 217 467 dm
249 410 303 465 eet
336 408 455 465 secute
486 391 546 463 ille
573 391 743 461 horribilis
763 393 899 461 eversio
920 405 956 460 et
975 393 1143 480 dispersio
1193 394 1381 459 siasetisrn
1401 394 1458 459 ubi
1480 391 1606 481 aliquid
1625 406 1678 462 ιιι
1705 415 1810 462 sanae
1838 395 2033 475 domme,
2065 410 2180 464 tsn-

159 485 301 555 Romani
317 483 460 568 imperii,
482 482 618 568 quando
640 478 806 559 Gotticae,
822 478 1041 561 Vandalicas,
1055 480 1143 549 ilun-
1192 477 1332 545 nultum
1353 491 1496 544 estnon
1518 478 1627 546 solum
1648 501 1828 567 pravarum
1853 483 2087 567 cupiditatum,
2114 486 2179 551 sed
2246 498 2247 503 ’

159 574 257 641 nicae
279 564 398 658 gentes
420 581 499 635 sont
520 567 651 633 effusae
671 569 704 632 io
727 564 864 632 ltaliam.
1096 580 1099 591 ·
1193 567 1290 633 etium
1312 562 1479 632 furorum:
1500 564 1549 627 nt
1568 567 1690 630 mordet
1710 568 1784 630 beat
1812 568 1864 629 hie
1884 570 1971 631 eine
2002 569 2083 642 doe,
2118 570 2178 633 deo

247 657 312 722 Est
333 656 468 723 omnino
488 654 594 721 tristis
615 673 683 733 res,
706 654 797 740 qnod
814 655 986 741 ingenere
996 653 1142 721 humano
1193 652 1294 715 ander
1313 655 1364 714 dn
1386 651 1522 714 andem
1567 652 1638 718 νοῦ
1659 655 1809 739 timii&
1830 675 1886 736 0⁸,
1908 675 1997 741 (3⁸⁸0
2018 668 2098 722 siml
2118 676 2182 733 Μ·
2242 659 2249 671 ’

160 756 254 813 tanta
273 742 447 811 multitudo
470 740 556 825 perit
577 750 611 807 et
632 760 699 807 non
721 751 774 807 est
792 740 946 805 diuturna
964 737 1143 806 luxEvan·
1193 740 1356 818 cessario,
1378 752 1411 803 et
1429 737 1487 805 illa
1508 754 1602 804 recte
1624 741 1754 820 discite,
1766 755 1800 805 et
1821 738 1954 806 ιιιιιιιι
1976 744 2118 816 animos,
2132 761 2179 811 ns

162 827 242 921 gelii
264 832 297 895 in
320 849 388 897 uno
410 827 500 895 loco.
528 824 623 893 liaeo
643 826 813 912 significat
829 823 983 893 Christos
993 828 1026 892 in
1038 827 1142 911 priori
1192 821 1387 911 indulgeant
1409 846 1477 891 non
1499 826 1743 891 necessariiss
1808 824 2023 908 ulationibus,
2040 826 2096 894 vel
2118 850 2178 915 po·
2248 824 2251 829 ’

162 928 196 985 ιι
217 915 318 983 ualde
339 917 426 981 tristi
444 916 625 980 ooneionet
647 912 740 977 Dicit
762 913 933 975 conmotam
953 919 1143 994 oppormom
1192 913 1258 976 tius
1279 908 1474 994 phantasiis.
1526 910 1602 973 Wos
1624 916 1683 974 tots
1704 932 1746 977 ve
1761 910 1793 977 le
1814 915 1861 978 ita
1880 911 1997 979 ludere
2015 916 2202 1002 opinioni.

162 1024 240 1076 eam,
261 1009 391 1065 ooootos
412 1019 479 1063 esse
500 1002 657 1071 coactam,
686 998 745 1064 ted
765 998 903 1068 noluisse
922 1002 1037 1064 oasin.
1072 998 1143 1065 Erit
1194 998 1680 1086 bus,etspargere,quicquid
1704 999 1850 1064 venitin
1868 1012 2065 1079 mentemst
2086 998 2177 1069 velle

162 1106 272 1157 autem
293 1088 463 1176 posterior
483 1084 910 1160 aetasadhuodeionuion
932 1086 1142 1173 eruntmaio·
1193 1085 1328 1148 turbare
1349 1094 1441 1149 recte
1462 1085 1649 1151 constituta
1666 1086 1846 1171 dogmata?
1874 1086 1999 1165 Woloo,
2015 1087 2177 1151 monlon

163 1197 219 1243 res
240 1176 492 1260 dissipationest
513 1175 601 1239 sieut
616 1170 737 1237 Esaias
760 1172 855 1238 dicit:
877 1171 1073 1255 impietates·
1087 1191 1142 1233 oo-
1191 1169 1280 1232 nteit
1299 1170 1462 1242 amaedeo,
1484 1167 1575 1236 nulla
1597 1181 1650 1236 est
1672 1170 1862 1256 eloquentia
1890 1193 1953 1258 par
1980 1169 2028 1237 illi
2050 1176 2176 1261 magni-

163 1270 248 1326 rtroe
268 1265 350 1325 strat
369 1263 456 1341 οιιιιι·
476 1258 710 1341 oisopaoermt
730 1278 797 1323 nor·
841 1257 962 1325 Esaim
990 1259 1073 1325 vixit
1100 1276 1142 1323 eo
1192 1256 1309 1322 tudini.
1352 1254 1477 1342 Aliquo
1499 1257 1601 1323 ntndo
1623 1257 1854 1337 considerate,
1881 1270 1915 1324 et
1942 1259 2071 1325 frenate
2098 1281 2177 1341 vos,

163 1360 323 1435 ternpore,
357 1348 492 1435 quando
519 1347 686 1411 abductae
718 1357 795 1413 sunt
824 1346 942 1411 decem
965 1346 1085 1421 tribus,
1108 1354 1142 1410 ιι
1192 1352 1227 1408 et
1248 1339 1470 1413 orateDaum
1492 1355 1529 1408 ut
1551 1355 1648 1432 regat
1670 1356 1799 1410 mentes
1821 1347 1977 1429 omnium,
1988 1356 2022 1411 et
2044 1360 2080 1412 ut
2102 1349 2176 1432 ipse

163 1433 256 1502 iacta
288 1448 343 1500 est
375 1433 549 1518 dissipatio
582 1428 827 1518 pulcherrimae
856 1428 1001 1516 politiae.
1052 1428 1142 1496 Nihil
1192 1449 1260 1494 non
1283 1429 1371 1494 sinat
1392 1428 1463 1494 iieri
1486 1440 1596 1495 tantas
1620 1430 1874 1516 dissipationes,
1901 1443 2045 1520 quantae
2073 1434 2177 1500 immi-
2239 1474 2245 1483 ·

163 1520 223 1587 iuit
245 1518 430 1605 pulchrius,
452 1538 552 1604 quam
573 1519 707 1604 quando
726 1517 936 1584 mediocriter
953 1517 1065 1584 floruit
1086 1537 1142 1602 po·
1192 1527 1283 1595 nent,
1306 1516 1370 1587 uisi
1391 1516 1464 1601 ipse
1484 1517 1700 1602 prohibuerit.

163 1606 235 1672 litia
256 1609 320 1676 sub
343 1604 486 1684 Davide,
509 1616 543 1669 et
566 1601 764 1681 Salomom,
791 1615 826 1669 et
845 1601 907 1669 i'uit
930 1604 1042 1670 adhue
1062 1622 1142 1669 eon·
1280 1600 1424 1681 Videte,
1458 1602 1536 1687 quid
1564 1603 1597 1667 in
1620 1600 1745 1689 populo
1767 1601 1871 1668 israel
1893 1605 2064 1670 acciderit.
2109 1605 2178 1671 De·

163 1712 287 1759 sensus
309 1694 352 1757 de
373 1692 536 1770 doctrina,
558 1702 592 1755 ιι
609 1687 671 1756 init
687 1709 789 1756 unum
806 1693 1043 1777 regnnmbene
1064 1709 1142 1757 eon·
1193 1706 1265 1754 cem
1287 1689 1393 1754 tribus
1415 1699 1494 1753 sunt
1514 1689 1703 1770 abductae,
1736 1699 1770 1755 et
1797 1687 1888 1761 fecta
1911 1703 1963 1755 est
1984 1692 2125 1757 vasdtas
2140 1691 2177 1757 in

165 1780 314 1846 stitutum
335 1777 469 1864 legibus
499 1788 533 1842 et
561 1772 749 1860 disciplinat
779 1787 814 1841 et
843 1779 978 1861 publice
1000 1779 1143 1844 sonabat
1191 1771 1252 1840 illa
1283 1771 1506 1857 pulcherrima
1538 1786 1633 1860 parte
1667 1787 1778 1841 terrae
1809 1773 1918 1842 illiust
1947 1797 2033 1862 quae
2054 1788 2178 1861 postea

165 1886 232 1930 vox
252 1866 395 1950 purioris
418 1865 601 1931 doctrinae.
645 1862 770 1927 Postea
790 1863 933 1929 subinde
949 1863 1142 1949 aliquidde·
1192 1858 1284 1926 iacta
1306 1873 1360 1925 est
1382 1861 1482 1927 sedes
1501 1863 1719 1928 barbarorum
1730 1861 1959 1941 Ethnicorum,
1974 1882 2177 1949 quamquam

165 1953 288 2030 erevit,
317 1952 426 2017 donee
458 1949 548 2016 faeta
576 1960 630 2015 est
661 1949 855 2032 dissipatio,
889 1951 932 2015 de
964 1970 1031 2036 qua
1064 1948 1143 2016 dicit
1192 1968 1210 2008 s
1255 1949 1302 2012 rsi
1324 1944 1457 2012 inerunt
1478 1946 1629 2013 homines
1652 1945 1823 2014 israelitae
1850 1951 1978 2034 possim
2012 1953 2109 2015 etiarn
2142 1950 2177 2016 ln

164 2037 301 2103 Esaiasz
331 2037 378 2100 So
405 2040 449 2098 ist
475 2057 508 2098 ιι
529 2039 587 2099 iizt
610 2035 701 2099 esch.
745 2034 884 2099 Nostrae
906 2039 1088 2120 iniquitates
1108 2039 1143 2096 ni
1192 2030 1215 2098 il
1229 2035 1258 2097 is
1280 2032 1381 2099 locis:
1403 2033 1452 2095 Ee
1471 2033 1546 2096 eiad
1568 2033 1679 2096 rtliohe
1697 2055 1780 2097 onae
1802 2035 1867 2097 leot
1888 2038 1931 2096 tm
1948 2035 2025 2097 lond
2047 2035 2175 2098 dlieden.

162 2126 245 2186 uenti
267 2123 500 2205 dedpoomnt
520 2141 587 2186 nos.
635 2119 761 2187 Videtis
772 2123 893 2208 emguo
904 2134 1055 2208 ternpore
1064 2131 1143 2207 post
1194 2117 1355 2185 Paulatim
1378 2120 1410 2184 in
1434 2116 1500 2185 alia
1521 2130 1622 2206 atque
1641 2119 1707 2185 alia
1728 2118 1805 2186 loca
1827 2120 1882 2187 alii
1905 2124 2013 2187 sancti
2044 2124 2177 2188 commi·

161 2222 301 2277 mortem
323 2209 474 2290 Lutberi,
503 2218 647 2295 quantae
667 2206 780 2275 sactae
807 2211 874 2274 sint
896 2211 1143 2295 dissipationes,
1193 2217 1388 2292 gravarent:
1416 2207 1504 2272 sicut
1531 2208 1564 2271 io
1588 2207 1680 2271 Osea
1708 2209 1841 2275 dicitur:
1881 2208 2044 2278 Quomodo
2066 2208 2176 2270 ‹lotebo

163 2309 198 2362 et
219 2298 302 2363 liunt
323 2298 465 2363 subinde
486 2297 648 2370 nuidores3
671 2294 754 2361 fiunt
774 2292 933 2361 horrendi
952 2292 1096 2374 iurares,
1109 2304 1143 2357 et
1192 2301 1224 2354 te
1245 2294 1328 2353 ocor
1347 2290 1472 2353 Adomn
1494 2300 1526 2354 et
1548 2293 1697 2355 Zeboim?
1718 2292 1791 2355 Non
1808 2296 1930 2373 fooiom
1947 2296 2086 2373 furorem
2107 2298 2177 2356 irae

162 2397 241 2468 post
262 2383 327 2449 hos
348 2382 481 2449 furores
503 2391 686 2468 sequentur
707 2383 851 2445 maiores
872 2401 1016 2467 poenae=
1046 2390 1152 2447 erunt.
1192 2399 1296 2440 mooe:
1318 2377 1454 2439 Exarsit
1475 2399 1533 2440 eor
1554 2399 1649 2441 meam
1670 2383 1886 2447 tniserotiooe:
1906 2385 1981 2463 puio
2003 2380 2092 2442 Deus
2116 2401 2177 2462 epo

163 2466 264 2547 belle,
287 2481 321 2533 et
342 2483 420 2555 post
441 2465 544 2544 bella,
563 2467 780 2532 vastitatess
824 2479 961 2547 nentur,
988 2479 1023 2534 et
1043 2468 1144 2532 meio·
1193 2487 1267 2537 neu,
1289 2472 1320 2526 et
1340 2483 1404 2525 aon
1424 2463 1522 2529 Ιιοιιιο.
1570 2465 1676 2530 Hunno
1698 2469 1732 2530 in
1754 2467 1921 2551 puniendo
1950 2468 2049 2533 hahet
2074 2470 2176 2532 inten-

163 2573 219 2620 res
242 2556 432 2640 opinionum
456 2549 672 2619 confusiones
696 2564 729 2618 et
750 2572 817 2639 neg
831 2554 917 2619 ectio
935 2553 1142 2638 disciplinae.
1193 2555 1315 2619 tionem
1336 2551 1473 2634 primam
1497 2553 1540 2616 ad
1562 2553 1782 2636 perdendum:
1823 2554 1917 2619 Deus
1947 2554 1979 2617 in
2007 2556 2176 2638 puniendo

250 2641 317 2705 ista
340 2637 426 2706 mala
449 2640 577 2707 debetis
595 2640 755 2725 cogitare,
778 2650 812 2704 et
834 2660 933 2705 orare
953 2639 1075 2717 Deum,
1106 2650 1143 2705 nt
1194 2638 1294 2703 babet
1315 2637 1530 2702 intentionem
1553 2640 1689 2722 primam
1712 2639 1756 2703 ad
1779 2639 1999 2704 retrahendos
2022 2637 2176 2706 homines

161 2728 235 2814 ipse
256 2725 375 2806 leniat,
399 2739 432 2792 at
453 2727 597 2812 mitiget,
631 2737 664 2790 et
694 2727 728 2789 in
749 2726 800 2790 ira
821 2728 1069 2792 misericordiae
1090 2745 1143 2793 re·
1193 2724 1234 2791 ad
1257 2723 1504 2809 poenitentiam,
1527 2736 1560 2789 et
1581 2727 1691 2809 parcit
1712 2723 1789 2796 illis,
1812 2728 1867 2811 qui
1884 2737 1989 2811 agunt
2005 2729 2176 2811 poeniten·

163 2815 335 2888 cordetur3
357 2834 423 2878 non
446 2815 536 2879 sinat
558 2814 669 2877 omnia
690 2810 971 2885 iunditusdeleriz
994 2816 1055 2879 sed
1075 2832 1143 2878 sar·
1193 2812 1280 2877 tiam.
1326 2810 1420 2874 Sicut
1441 2810 1536 2878 dicit:
1566 2811 1640 2873 Vive
1662 2811 1819 2894 opomolo
1836 2819 1963 2886 mortem
1981 2815 2176 2893 peccattoris,

161 2913 218 2967 vet
239 2898 369 2986 aliquas
388 2896 450 2964 reli
474 2901 559 2977 nias,
580 2900 668 2965 sicut
689 2898 769 2964 dicit
790 2901 823 2964 in
846 2898 965 2978 Esaia,
987 2901 1077 2986 quod
1095 2899 1144 2963 ita
1192 2898 1251 2961 sed
1270 2905 1307 2960 ut
1328 2904 1526 2980 concertetur
1546 2905 1578 2960 et
1598 2902 1692 2959 oioot.
1736 2898 1906 2983 Expressa
1931 2900 2019 2963 iurat
2047 2920 2086 2964 se
2107 2918 2177 2965 non

161 2984 241 3052 uelit
272 3003 411 3052 servare
441 2921 650 3063 &eclesiarum
681 2996 717 3051 ut
750 2985 778 3048 si
812 2986 845 3052 in
877 2986 1041 3053 vindemia
1073 3005 1144 3051 non
1192 2985 1398 3071 perditurum
1421 2996 1576 3069 agentem
1599 2986 1844 3069 poenitentiam,
1867 2986 1960 3046 ‹leror
1979 2989 2024 3048 ist
2046 3005 2177 3048 nonme-
2240 3028 2242 3032 -

160 3075 266 3140 ubere
293 3074 417 3156 passini
445 3073 632 3138 invenietur
659 3090 747 3138 unus
774 3083 877 3158 etque
902 3069 988 3138 alter
1014 3072 1143 3139 botrus
1192 3073 1260 3154 trip,
1283 3074 1342 3131 wie
1364 3091 1397 3131 et·
1419 3068 1470 3131 tto
1490 3078 1573 3149 sapi.
1618 3070 1715 3133 Multi
1736 3079 1808 3132 saort
1828 3076 1944 3145 vocati,
1953 3076 2053 3153 penei
2075 3072 2175 3136 eleon.

160 3157 210 3225 lili
235 3160 320 3224 botri
348 3169 428 3224 sunt
454 3157 554 3224 valde
581 3157 686 3224 chari.
731 3157 810 3224 item
839 3157 907 3224 alio
934 3157 1012 3225 loco
1042 3160 1143 3225 dicit:
1193 3157 1346 3220 Dernaoh
1368 3154 1461 3238 pehei
1480 3157 1602 3237 drausio
1658 3156 1868 3220 Verumtamen
1894 3179 1957 3220 non
1985 3159 2110 3223 tonaio
2142 3161 2177 3220 t'tt

160 3264 200 3311 se
221 3261 430 3310 servaturum
452 3241 658 3310 Ecclesiam:
692 3242 737 3309 Ut
770 3245 904 3330 quando
933 3246 1143 3311 decutiuntur
1194 3248 1367 3307 civitaten:
1388 3243 1421 3307 id
1444 3256 1496 3307 est
1508 3289 1519 3322 ,
1554 3264 1592 3308 re
1616 3263 1694 3310 nurn
1717 3265 1783 3309 non
1806 3243 1940 3311 habebo
1961 3247 1995 3310 in
2018 3247 2077 3312 eis.
2123 3244 2205 3306 nc·

160 3351 289 3417 paneae
312 3328 422 3395 olivae
445 3331 479 3394 in
497 3331 663 3395 vindemia
684 3350 752 3394 non
775 3333 889 3397 ubere.
912 3330 1043 3394 Solclter
1064 3333 1143 3398 ima·
1193 3264 1918 3419 nore,consuetudinelhthraeasigniiicat
1946 3332 2081 3396 esseio
2162 3367 2175 3383 ·

162 3418 273 3503 ginum
294 3415 370 3478 habt
390 3415 441 3476 ihr
463 3416 538 3482 oielt
561 3416 689 3502 Estque
716 3417 831 3481 eadem
855 3419 1021 3482 sententia
1043 3419 1142 3483 etiam
1194 3419 1402 3495 bernatione,
1423 3414 1477 3480 vel
1502 3436 1625 3503 regno;
1643 3428 1691 3494 ut,
1713 3415 1789 3481 Non
1811 3419 1980 3482 intrabunt
2001 3420 2035 3482 in
2056 3416 2128 3483 Eoo
2143 3437 2175 3483 a·

163 3501 405 3586 comprehensa
426 3502 460 3566 in
479 3500 539 3567 illo
563 3502 673 3567 dictor
695 3501 735 3563 St
749 3502 850 3580 fierit
868 3522 1012 3565 neonem
1029 3504 1143 3585 populi
1193 3505 1276 3569 siam
1298 3523 1315 3565 s
1340 3503 1412 3572 urii,
1436 3503 1470 3567 id
1492 3515 1556 3582 est,
1579 3521 1646 3567 non
1669 3500 1838 3568 habebunt
1859 3504 2175 3569 administrationem

162 3591 223 3649 mei
243 3590 326 3650 deut
348 3607 444 3649 arena
465 3590 577 3661 meris,
601 3594 702 3650 tomen
722 3588 876 3670 reliquiae
899 3596 1018 3650 tostam
1038 3590 1143 3652 solone
1192 3591 1226 3655 in
1248 3524 1414 3655 Ecchsta.

157 3677 242 3757 fient.
287 3673 384 3739 item:
397 3673 534 3757 ,Reliqui
553 3673 629 3735 odii
645 3673 796 3756 populien
812 3695 983 3757 pauperem
1005 3678 1038 3739 ih
1058 3685 1143 3739 terro
1279 3674 1348 3739 ista
1370 3686 1423 3740 cst
1444 3669 1585 3757 simplex
1607 3675 1773 3739 sententia
1794 3675 1828 3739 in
1850 3672 1929 3744 loeo
1942 3674 2066 3754 oseae,
2088 3695 2176 3762 quae

161 3764 354 3823 ittoooootem
375 3781 484 3823 nomeu
504 3779 609 3823 means
1192 3776 1245 3827 est
1268 3761 1530 3836 considerando3
1552 3762 1630 3846 quia
1652 3762 1800 3826 eontinet
1828 3762 1997 3848 egregiam
2020 3760 2176 3829 consola·
2257 3786 2260 3796 ·

247 3846 337 3912 istae
364 3847 608 3932 praedictiones
641 3848 728 3912 bene
756 3857 833 3913 sunt
866 3848 1142 3928 considerandae,
1192 3849 1328 3927 tionem,
1352 3859 1386 3912 et
1407 3848 1608 3913 doctrinam:
1631 3845 1705 3933 Ego
1726 3849 1873 3912 servabo
1894 3867 1968 3927 eos,
1990 3861 2100 3913 tamen
2121 3869 2175 3915 re·

160 3945 197 4000 ιιι
219 3952 354 3998 oremus
375 3930 496 4015 Deum,
519 3945 556 3999 ut
580 3946 696 3999 servet
722 3935 787 3999 sibi
813 3932 972 4021 reliquias
998 3933 1142 4022 aliquas,
1192 3956 1294 4086 ἓιιιιιιι
1317 3953 1385 4022 non
1409 3934 1592 3999 habebunt=
1615 3933 1721 3999 Erunt
1743 3936 1896 4019 oppressi
1914 3936 2090 4000 servitute:
2113 3938 2177 4003 erit

161 4033 194 4086 ιι
215 4029 252 4087 ot
273 4021 459 4085 muniamus
479 4039 556 4099 nos,
578 4031 615 4085 nt
635 4019 722 4084 tides
743 4021 787 4085 sit
813 4019 950 4101 iratior,
977 4041 1044 4087 non
1070 4019 1142 4087 lan·
1222 4017 1347 4086 eclesia
1368 4017 1567 4106 squalidiorr
1589 4021 1676 4086 sicut
1697 4021 1818 4085 videtis
1830 4065 1841 4099 ,
1873 4020 1945 4086 lieri
1974 4022 2061 4086 ma’
2104 4041 2174 4086 ma·

161 4105 286 4193 gueliat
307 4109 438 4170 intuens
459 4106 493 4171 in
517 4119 583 4172 tam
617 4107 726 4171 tristia
758 4105 961 4191 spectacula.
1005 4105 1141 4174 hffieia·
1193 4110 1313 4192 gisqne
1334 4105 1570 4192 squalidiorem
1604 4106 1739 4168 hoamen
1763 4104 1851 4171 bella
1878 4107 1955 4169 oder
1983 4128 2020 4169 eo
2033 4107 2073 4172 oh
2093 4108 2175 4191 ‹iiop

159 4212 233 4256 rnur
255 4192 353 4258 etiam
376 4191 493 4257 dolore
514 4203 651 4278 propter
668 4205 778 4258 tantas
800 4196 1142 4272 miserias,etnostra
1193 4196 1315 4267 mosot,
1331 4214 1369 4255 eo
1389 4193 1487 4255 otras
1507 4193 1589 4255 noch
1609 4213 1698 4276 cuper
1718 4193 1852 4256 eadm.
1897 4191 2070 4280 Cogitate,
2095 4216 2174 4280 qna·

159 4279 388 4343 moderatione
420 4276 583 4344 leniamus
612 4279 696 4344 haec
728 4277 837 4346 mala:
877 4282 1025 4365 inprimis
1057 4300 1141 4347 vero
1192 4279 1233 4346 lis
1256 4291 1364 4345 statua
1387 4284 1431 4344 sit
1453 4279 1644 4364 bohanniae,
1665 4292 1789 4365 quanta
1812 4278 1929 4345 clades
1951 4283 1995 4345 ibi
2019 4282 2062 4346 sit
2084 4277 2174 4348 iacta

160 4384 292 4430 oremus
314 4363 435 4445 Deum,
459 4377 496 4430 ut
516 4366 589 4450 ipse
610 4361 723 4445 leniat,
745 4376 779 4430 et
799 4387 867 4433 non
891 4367 980 4432 sinat
1001 4366 1073 4432 fieri
1096 4369 1141 4432 in·
1191 4377 1269 4452 post
1291 4363 1413 4432 bellum
1437 4365 1694 4445 Germanicum,
1729 4386 1803 4432 enm
1833 4378 1926 4431 esset
1946 4365 2059 4453 aliqua
2080 4366 2174 4433 liam

159 4448 271 4514 linitas
294 4451 527 4536 dissipationes
550 4464 583 4517 et
603 4453 797 4516 barbaricas
821 4451 1049 4533 confusiones,
1071 4474 1139 4518 non
1192 4450 1282 4519 mula
1302 4449 1476 4538 Evangelii
1499 4465 1635 4529 exorta;
1657 4464 1775 4519 secuta
1802 4465 1881 4517 sunt
1914 4450 2028 4532 bella,
2059 4451 2174 4521 iactae

159 4535 246 4600 sinat
268 4536 340 4601 fieri
359 4536 460 4603 talem
481 4549 616 4617 statum,
640 4558 706 4603 non
728 4540 979 4605 convenientem
1001 4540 1140 4606 homini·
1192 4542 1270 4607 sunt
1292 4539 1540 4624 dissipationes,
1562 4550 1596 4604 ιι
1617 4539 1763 4605 caecitas
1794 4540 1988 4619 barbarica,
2016 4537 2173 4626 neglecta

107 4644 111 4649 ·
159 4622 222 4685 bus
234 4667 245 4702 ,
279 4619 385 4706 qualis
415 4637 467 4689 est
490 4625 665 4690 barbaries
687 4622 828 4690 'l'nreicu
850 4638 908 4692 aut
929 4626 1140 4712 Aphricana3
1192 4637 1271 4691 sunt
1302 4628 1413 4691 studia
1446 4638 1479 4691 et
1512 4623 1698 4712 disciplina.
1743 4624 1807 4687 Die
1831 4628 1944 4709 inopen
1966 4627 2172 4689 leuticorum

158 4708 225 4773 imo
244 4706 362 4794 quales
384 4722 463 4776 sont
481 4713 640 4777 tenebrae
669 4712 702 4776 in
732 4709 809 4795 aliis
843 4709 952 4792 loeis,
982 4714 1039 4780 nbi
1071 4732 1139 4779 uon
1192 4712 1252 4775 dos
1274 4733 1309 4774 so
1331 4711 1419 4774 nicht
1441 4711 1638 4792 bedeoolwo,
1670 4731 1737 4779 non
1759 4724 1901 4799 possunt
1923 4711 2059 4779 multum
2082 4733 2122 4778 eo
2149 4715 2172 4764 ⁰-

158 4806 237 4859 sunt
259 4807 377 4863 coetus
400 4798 722 4875 rectejnuocantes,
744 4796 799 4863 ubi
821 4819 889 4863 non
910 4811 1010 4866 sonat
1031 4799 1139 4865 Euan·
1191 4811 1264 4864 tare
1286 4799 1328 4865 de
1350 4795 1493 4883 publicis
1519 4801 1679 4865 miseriis:
1708 4797 1787 4864 sunt
1813 4810 1922 4864 tamen
1952 4816 2123 4864 commone

157 4877 235 4968 gelii
257 4901 337 4961 vox,
359 4892 392 4947 et
414 4883 471 4948 ubi
493 4880 714 4950 defenduntur
733 4885 809 4949 tetri
831 4896 865 4951 et
886 4887 1067 4953 monstrosi
1089 4906 1140 4953 en
1192 4886 1310 4950 ciendi.
1355 4884 1422 4950 Alii
1444 4888 1595 4951 seniores
1629 4887 1671 4951 de
1702 4886 1777 4950 istis
1805 4888 1906 4951 rebus
1928 4886 2075 4971 cogitant
2096 4907 2173 4953 eunt
2246 4938 2251 4945 .

156 4986 265 5034 rores.
1191 4985 1283 5038 tanto
1306 4970 1439 5050 doloro,
1466 4992 1564 5058 quem
1590 4973 1647 5036 vix
1673 4973 1840 5037 sustinere
1867 4982 2019 5058 possunt.
2062 4971 2172 5046 Quam

243 5052 388 5133 Videtis,
408 5056 525 5141 quanti
546 5068 625 5122 sunt
645 5067 761 5122 aestum
784 5058 1005 5144 ingeniorum,
1039 5071 1140 5127 naute
1190 5059 1284 5123 triete
1322 5055 1508 5143 exemplum
1549 5056 1610 5125 suit
1647 5055 1770 5123 deletio
1804 5055 2073 5146 Hierosolymae!
2115 5059 2172 5125 ubi

156 5142 270 5208 rabies
292 5141 390 5206 etiam
413 5138 527 5209 itu-illa
548 5153 666 5229 parta,
700 5162 789 5228 qnae
811 5147 1002 5215 uounnatm
1041 5143 1141 5213 'oole
1191 5142 1296 5215 mua
1316 5142 1418 5213 millia
1439 5148 1608 5232 perierunt
1628 5146 1767 5233 tragicis
1790 5147 1947 5224 casibus,
1982 5166 2049 5211 non
2083 5165 2172 5212 corn-

312 5275 460 5319 neum
476 5278 558 5321 om
573 5279 637 5323 Vola.
651 5280 719 5322 XXV.
1937 5261 1979 5315 α
