4620 5588
168 185 234 252 stt

169 376 233 442 iam
257 377 342 440 bene
361 372 489 439 habeo:
511 372 610 438 dicite
632 370 721 453 milri,
751 373 830 457 quid
858 372 980 438 deinde
1009 371 1149 438 laciam'l

168 466 223 529 An
246 463 351 526 debeo
372 460 492 527 diutius
516 455 806 543 ferresitio13ego
829 478 965 540 possem
981 459 1045 523 iam
1064 461 1150 525 bene

168 548 278 624 ferre,
311 549 340 611 si
360 544 460 612 vultis
482 566 535 611 me
556 545 677 609 diutins
698 545 868 610 abstinere
886 565 907 608 a
953 560 1019 609 otu.
1063 544 1148 609 Tan·

168 648 239 702 tum
264 633 352 699 valet
376 633 602 704 consuetudo,
631 642 663 695 et
685 631 863 696 mediocris
886 567 1068 696 cellenatio
1091 652 1149 695 na·

169 736 275 788 turae.
320 720 367 783 lbi
391 719 536 784 Ductor:
563 737 631 783 oon
654 714 745 795 volo,
769 719 885 802 inquit,
914 729 1039 782 tantum
1061 727 1148 783 onus

168 810 227 874 tibi
249 810 427 891 imponere,
450 805 510 870 sed
527 801 708 888 pauxillum
732 801 840 882 bibas,
861 801 1016 869 videlicet
1038 814 1149 869 sexta·

169 896 253 960 riunr
277 889 423 979 quolibet
445 891 507 956 die.
548 893 610 957 liin
631 892 771 971 Menscd,
792 892 853 956 der
874 894 1036 955 rroir'iriicit
1056 893 1149 973 iaici,

169 986 229 1048 irat
243 999 332 1062 ortuo
361 998 406 1043 on
438 983 542 1044 einero
575 977 738 1052 sextari03
777 988 810 1040 et
844 985 968 1043 tantum
1008 976 1150 1040 dabatur

169 1068 292 1131 homini
315 1065 477 1150 quotidie:
511 1066 572 1129 dos
605 1070 650 1127 iri
670 1063 862 1127 demensum
892 1082 1053 1144 newerca.
1082 1061 1148 1126 Ve-

170 1165 277 1220 tustas
300 1148 360 1217 luit
389 1151 543 1233 sapiens,
580 1148 745 1213 ordinavit
772 1144 830 1212 ille
858 1150 1035 1215 admodum
1070 1168 1148 1213 con·

169 1241 353 1305 venientem
393 1249 541 1300 natiuae.
597 1233 640 1298 Et
674 1235 794 1311 credo,
834 1235 925 1320 quod
964 1234 1051 1318 apud
1085 1253 1148 1297 nos

169 1328 264 1390 etiam
288 1324 395 1407 possit
429 1320 548 1409 aliquis
571 1341 648 1386 esse
671 1333 849 1386 contentus
880 1341 947 1386 uno
977 1319 1149 1399 cantharo,

168 1414 200 1476 in
224 1412 311 1475 diem
339 1430 450 1474 unum.
505 1404 597 1472 Volo
627 1408 712 1471 enlm
741 1409 920 1471 extendere
942 1404 1149 1490 aliquantum

861 179 1080 247 eosrrnm
1098 179 1495 250 neeanrnonmnn
1570 157 1593 197 ’·

2115 183 2183 253 ste
2266 194 2271 201 '

1200 354 1465 439 namnetorum
1489 371 1555 438 lroc
1576 355 1732 439 contacta
1761 394 1824 438 suo
1857 393 1920 437 nos
1953 386 2069 438 sanat:
2106 374 2184 455 Unci

1200 459 1244 521 do
1265 459 1365 524 siebat
1386 461 1467 521 nuci
1488 464 1538 521 ein
1560 460 1716 538 woriicin,
1738 457 1894 524 Absolvit
1916 480 2008 540 eom,
2022 459 2179 527 sutton.

1201 545 1292 611 Dixit
1312 558 1411 612 antea
1434 548 1573 612 diserte:
1599 546 1728 608 θειναείι
1745 568 1826 623 eorm
1848 559 1956 610 tamen
1975 548 2082 613 addit:
2105 546 2179 612 ἀπέ-

1188 628 1281 712 'ioue
1303 633 1338 697 id
1361 645 1423 710 est,
1446 634 1591 698 absolvit
1614 655 1635 697 a
1657 644 1797 717 peceato
1821 643 1855 697 et
1877 635 2006 711 morbo,
2036 653 2057 696 a
2079 632 2181 718 culpo

1201 730 1233 783 et
1256 739 1277 783 a
1299 738 1422 804 poena3
1446 721 1523 804 qrria
1544 718 1632 784 iilius
1662 718 1725 784 Dei
1759 731 1854 784 curat
1884 738 2010 801 corpus
2044 732 2078 782 et
2110 721 2180 784 ani·

1200 825 1299 882 mam,
1319 807 1404 869 sient
1427 804 1513 876 uitet
1527 806 1632 890 inquit
1654 807 1695 868 ad
1711 803 1944 890 paralyticum=
1967 803 2185 883 Remittentur

1201 890 1260 951 tibi
1276 899 1429 971 peccatur
1462 903 1495 956 et
1523 888 1622 956 simul
1645 904 1740 956 curet
1762 911 1844 955 eum.
1891 890 2080 955 Ponderute
2102 911 2180 955 ver.

1200 978 1293 1041 bum:
1311 977 1453 1039 Abroloii
1466 999 1540 1050 eum,
1563 977 1637 1038 Uad
1654 977 1714 1039 dor
1723 980 1770 1038 sei
1780 998 1839 1037 oon
1850 977 1919 1037 <hm
1930 977 2050 1037 aarum
2060 977 2178 1042 atueie.
2279 971 2280 974 ¹

1200 1061 1372 1128 Debemus
1394 1077 1509 1148 petere
1527 1062 1685 1128 auxilinm
1708 1074 1742 1128 et
1762 1061 1991 1127 liberationem
2014 1064 2046 1126 in
2070 1060 2179 1143 malis,

1201 1150 1298 1214 etiarn
1322 1163 1506 1236 quaesunt
1529 1153 1693 1214 accersita
1717 1147 1954 1233 nostraculpa.
1983 1146 2182 1215 lllultasunt

1200 1233 1266 1299 alia
1296 1235 1446 1321 exempla
1474 1236 1593 1300 similia
1626 1238 1659 1300 in
1692 1232 1831 1300 historia
1863 1234 2088 1320 Evarrgelica,
2122 1235 2179 1300 ubi

1201 1332 1279 1387 suet
1300 1325 1408 1387 morbi
1429 1324 1584 1386 accersiti
1608 1322 1707 1406 culpa
1729 1320 1910 1400 hominnm,
1940 1335 1971 1385 et
1992 1334 2100 1386 tamen
2125 1341 2181 1387 cu·

1201 1407 1263 1472 rati
1284 1427 1306 1473 a
1328 1407 1474 1474 Christo.

166 1501 209 1562 ad
232 1517 304 1562 nos.
351 1496 524 1582 Augustus
553 1494 710 1557 scribitur
741 1504 917 1558 contentus
944 1490 1050 1557 luisse
1071 1512 1148 1556 sex·

165 1584 261 1648 tario.

253 1672 328 1735 Non
355 1687 433 1749 rope
462 1669 526 1750 icit,
556 1667 653 1729 etiam
681 1665 814 1750 quando
848 1665 946 1730 nobis
975 1665 1150 1729 accersiri·

168 1756 403 1832 musrnorbos,
424 1769 532 1817 tanuen
551 1753 711 1817 debemus
733 1763 846 1836 petere
868 1764 900 1816 et
922 1753 1149 1816 remissionem
1206 1797 1212 1809 .

170 1851 397 1928 peccatorum,
420 1850 452 1902 et
463 1837 693 1903 liberationem
715 1835 769 1902 vel
788 1838 1023 1923 mitigationem
1042 1839 1148 1902 morbi

169 1926 225 1992 rel
247 1945 394 2011 poenaet
429 1930 546 1990 locoru
571 1944 624 1990 me
651 1930 685 1988 in
706 1926 761 1990 dte
782 1926 1006 2008 tribulationis,
1035 1920 1070 1990 ει
1091 1943 1149 2005 epo
1287 1921 1405 1988 Restat
1426 1925 1521 1988 tertia
1550 1924 1703 1989 doctrina
1730 1926 1772 1988 de
1805 1924 1960 2008 superbia
1989 1933 2023 1988 et
2054 1922 2181 1989 humili·

170 2021 307 2096 eripium
329 2021 370 2077 ic.
414 2010 511 2075 item:
546 2013 592 2077 Es
608 2013 706 2076 tieret
722 2013 777 2076 die
796 2014 919 2093 Reqci:
949 2013 1083 2075 Tantum
1104 2030 1149 2075 etc
1199 2021 1278 2074 tate.
1329 2009 1465 2072 Dercon
1485 2009 1622 2074 merckei
1643 2010 1704 2072 ilcn
1731 2010 1863 2091 spraud:
1897 2010 1960 2080 Qui
1987 2029 2021 2072 rc
2043 2009 2178 2089 exultet,

169 2109 201 2166 ie
218 2101 362 2183 perditio
379 2108 442 2163 tua.
477 2096 584 2161 auam
607 2107 642 2159 et
659 2095 730 2160 Eua
752 2108 829 2162 sunt
852 2100 883 2160 in
906 2093 1016 2180 culpa,
1039 2108 1148 2160 tamen
1198 2095 1427 2177 dorniiioditcr;
1448 2104 1479 2158 ct
1500 2100 1555 2179 pei
1577 2116 1610 2158 se
1633 2096 1790 2169 humidat,
1818 2097 2018 2160 radiabitur.
2063 2095 2106 2160 Et
2128 2116 2180 2163 re·

170 2188 292 2250 debent
324 2196 437 2268 petere
460 2183 688 2247 remissionem
712 2194 943 2265 peecatorum,
975 2193 1009 2246 et
1029 2180 1147 2245 libera·
1198 2184 1299 2266 petite
1331 2182 1556 2263 definitiones,
1589 2183 1632 2249 de
1661 2184 1781 2269 quibus
1814 2182 1900 2247 alias
1929 2182 2097 2270 copiosius
2132 2183 2180 2248 di·

169 2272 301 2338 tionem.
355 2269 464 2334 David
507 2282 560 2335 est
591 2270 625 2333 in
655 2266 772 2352 eulpa,
810 2281 843 2333 et
875 2270 1052 2333 accersivit
1083 2267 1147 2332 sibi
1199 2281 1289 2335 etum
1311 2280 1373 2334 est.

168 2355 302 2434 malum,
326 2353 755 2430 teneraemondensis
783 2367 890 2418 tamen
913 2355 1013 2418 debet
1035 2365 1147 2438 petere

169 2444 407 2528 mitigationem
447 2454 480 2505 et
513 2452 667 2506 eventurn
707 2444 841 2505 bonum.
894 2438 1021 2525 Estque
1053 2450 1147 2504 tanta

169 2531 299 2594 bonitas
321 2527 398 2605 Dei,
419 2538 456 2592 ut
475 2524 607 2604 liberet,
634 2536 668 2590 et
694 2528 821 2612 mitiget
849 2527 964 2602 etiam,
998 2547 1072 2591 cum
1095 2537 1148 2591 est
1458 2527 1567 2634 Quid
1599 2544 1662 2616 est
1692 2532 1928 2616 humilitas?

170 2617 256 2680 insta
279 2635 402 2699 poena;
438 2615 515 2697 quia
538 2615 623 2677 benc
645 2614 727 2690 scit,
760 2613 848 2697 quod
878 2624 997 2676 natura
1017 2611 1148 2677 infirma

169 2721 236 2765 non
260 2711 371 2783 potest
391 2701 556 2763 sustinere
568 2699 821 2784 magnitudinem
843 2701 914 2762 irae
936 2719 1031 2763 sneaz
1060 2699 1148 2764 sicut
1286 2695 1347 2762 Est
1369 2698 1484 2761 timere
1505 2696 1625 2774 Deum,
1649 2711 1682 2761 et
1704 2718 1893 2783 agnoscere
1911 2700 2075 2782 propriam
2089 2697 2179 2762 intir-

170 2789 304 2851 dicitur·:
326 2790 397 2852 Νειι
415 2783 540 2866 jucium
552 2791 703 2868 [irrorent
724 2792 797 2851 trec
818 2805 926 2851 meae:
946 2789 1018 2850 Non
1039 2787 1149 2851 delebo
1200 2785 1356 2861 mitatem,
1380 2795 1412 2848 et
1435 2797 1543 2848 tamen
1568 2786 1694 2850 servire
1714 2787 1890 2864 vocationi,
1921 2787 2042 2849 tidueia
2065 2783 2178 2850 auxilii

169 2883 212 2940 te.
257 2872 354 2938 item:
377 2875 521 2952 Domine,
553 2881 641 2936 ioum
669 2891 750 2955 opera
771 2874 957 2954 vivificabis,
987 2879 1020 2936 et
1040 2877 1074 2937 in
1096 2878 1150 2937 iro
1200 2871 1317 2947 divini,
1347 2881 1381 2934 et
1402 2890 1469 2934 non
1493 2871 1668 2955 despicere
1690 2868 1791 2948 alios,
1825 2882 1858 2936 et
1889 2873 2026 2936 obedire
2046 2869 2122 2936 Deo
2146 2873 2180 2937 iu

169 2961 414 3026 misericordiae
435 2960 670 3024 recordaberis.
1199 2957 1318 3042 poenis
1340 2968 1374 3021 et
1395 2976 1593 3042 agnoscere,
1618 2957 1707 3043 quod
1730 2959 1817 3023 iuste
1839 2960 2024 3042 puniamur.
2057 2957 2177 3043 Requi·

255 3049 369 3110 ti'emet
399 3047 463 3109 den
492 3052 638 3109 sentenia
669 3045 791 3110 dorsu:
826 3046 943 3110 Gratia>
968 3045 1152 3109 venumdati
1201 3045 1284 3108 ritur
1305 3045 1463 3128 primum,
1499 3043 1563 3105 liin
1588 3044 1709 3105 realiter
1735 3052 1853 3106 ematur
1881 3046 1979 3110 timor
1999 3043 2075 3109 Dei.
2120 3044 2179 3110 Se·
2253 3100 2257 3107 .

169 3135 354 3198 oenumdoti
373 3136 472 3197 estis:
498 3133 560 3196 der
580 3135 692 3212 tcuffci
716 3134 774 3196 luri
789 3133 870 3196 curli
887 3133 1049 3212 terrores.
1093 3134 1152 3195 lior
1201 3131 1323 3208 eundo,
1356 3131 1482 3215 agnitio
1506 3131 1660 3216 propriae
1682 3130 1895 3197 infirmitatis:
1930 3133 2018 3218 quia,
2046 3131 2103 3197 ubi
2126 3142 2180 3198 est

169 3221 247 3284 dodi
275 3222 395 3283 iernen
425 3225 501 3283 nats
528 3219 666 3299 riureon,
698 3219 768 3282 und
793 3236 833 3282 cr
854 3220 936 3281 aaut
957 3220 1056 3300 niati,
1088 3219 1151 3285 doe
1200 3219 1297 3281 timor
1315 3215 1390 3295 Dei,
1413 3217 1459 3281 ibi
1480 3229 1532 3282 est
1552 3217 1677 3302 agnitio
1688 3215 1929 3283 imbecillitatis.
1960 3218 2084 3293 Tertio,
2107 3238 2180 3282 ser.-

170 3309 262 3381 iteisi,
280 3309 395 3387 pratia,
429 3304 549 3378 idest,
582 3303 656 3367 sine
677 3302 815 3368 utilitate
840 3300 989 3380 Diaboli,
1023 3315 1056 3368 et
1077 3304 1150 3368 sine
1200 3304 1271 3369 vire
1294 3301 1368 3368 Deo
1390 3301 1511 3368 iidueia
1533 3303 1646 3369 auxilii
1665 3305 1774 3370 divini.
1810 3303 1955 3377 Quarto,
1978 3326 2046 3369 non
2069 3305 2178 3390 despi-

168 3387 309 3454 utilitate
330 3386 453 3454 vestri.
495 3385 660 3453 Diabolus
682 3399 808 3454 tantum
825 3386 922 3467 iecit,
943 3399 979 3453 ut
1000 3386 1150 3472 expleret
1202 3408 1278 3454 cere
1299 3387 1397 3469 alios,
1415 3390 1511 3473 qnasi
1533 3387 1590 3454 alii
1612 3390 1831 3473 nonpossint
1853 3412 1929 3456 esse
1952 3390 2112 3456 salutaria
2125 3413 2180 3456 or·

171 3476 281 3539 odium
314 3492 397 3560 erga
417 3473 528 3539 Deum
560 3486 595 3539 et
616 3473 735 3540 Filium
758 3472 840 3551 Dei3
872 3472 996 3539 avulsit
1030 3473 1148 3540 aDeo
1200 3496 1299 3561 gana,
1322 3475 1370 3536 uis
1391 3482 1497 3558 seprio
1518 3494 1552 3536 es·
1573 3477 1677 3549 olisia,
1700 3478 1835 3555 Quinte,
1852 3478 2178 3561 obedientiamprae·

171 3572 342 3627 creaturas
360 3557 554 3636 rationales,
576 3572 613 3624 ut
634 3556 835 3626 contumelia
852 3558 962 3626 Deurn
984 3559 1147 3627 afficeret.
1199 3572 1290 3626 stare
1313 3561 1345 3625 in
1366 3562 1500 3647 poenis,
1528 3583 1595 3627 non
1619 3564 1783 3648 cogitare,
1813 3566 1901 3648 quod
1923 3564 2045 3628 iniuste
2066 3565 2178 3648 punia·

170 3647 242 3723 Ab,
286 3667 385 3733 quarn
423 3643 628 3719 horribiliter
664 3643 768 3711 aflicit
804 3643 914 3710 Deum
947 3643 1148 3713 contumelia
1199 3648 1258 3712 ris.
1286 3647 1355 3709 Wir
1375 3648 1490 3711 badam
1512 3648 1579 3710 uizn
1601 3648 1684 3710 woiii
1701 3650 1868 3712 occiderat.
1902 3649 1953 3716 lta
1973 3647 2096 3718 multae
2117 3651 2180 3716 vin

170 3734 270 3798 etiarn
291 3753 381 3799 nunc
401 3733 436 3799 in
457 3743 528 3797 tote
550 3751 673 3819 genere
696 3733 858 3808 human03
884 3729 1055 3798 furoribus
1077 3733 1147 3799 ido·
1198 3745 1288 3800 tutes
1310 3731 1523 3802 includuntur
1544 3737 1579 3800 iu
1600 3733 1792 3802 bumilitate.

1378 1739 1578 1825 (luneio
1609 1741 1670 1822 de
1700 1741 2002 1823 hnmilitate.

60 3880 64 3890 .
170 3819 290 3898 lorum,
310 3820 580 3897 homicidiorum,
604 3817 791 3897 libidinum,
821 3815 982 3885 bellorum
1010 3819 1148 3885 iniusto·

170 3926 258 3970 rumt
280 3909 359 3971 Dira
378 3910 461 3971 oties
486 3908 564 3971 sind
590 3903 808 3983 contumeliae
840 3907 1004 3971 adversus
1025 3903 1146 3973 Deum.

170 3996 281 4059 Daren
303 3995 361 4057 dut
380 4012 418 4057 er
440 3997 521 4058 aaa
552 4004 586 4057 et
618 3993 750 4077 quidem
784 3993 927 4077 gratuito
949 3989 1060 4057 malus
1083 4002 1147 4073 est,

170 4075 249 4143 iacit
272 4075 330 4142 iila
351 4079 466 4162 gratis,
499 4078 572 4142 sine
593 4077 707 4162 aliquo
729 4080 904 4143 commodo
926 4097 1000 4144 sno.
1056 4079 1148 4145 Sicut

169 4165 305 4249 pessimi
327 4161 480 4228 homines
503 4177 580 4228 suot
602 4166 706 4250 gratis
728 4161 823 4240 mali;
845 4164 990 4230 delectat
1006 4183 1068 4231 eos
1089 4184 1146 4250 pe·

171 4248 307 4316 tuiantia
334 4250 408 4312 sine
434 4245 588 4315 utilitate:
621 4253 677 4316 Ais
706 4270 801 4317 amn
833 4257 925 4317 einer
957 4256 1063 4323 einum
1094 4254 1148 4318 die
1283 4251 1330 4318 Su
1354 4253 1447 4319 erbis
1467 4265 1521 4318 est
1543 4272 1620 4319 esse
1641 4255 1713 4319 sine
1735 4255 1852 4321 timore
1868 4253 1932 4319 Dei
1954 4273 2121 4336 securum,
2143 4267 2178 4323 et

167 4342 296 4418 fenster
305 4341 483 4419 ouswirffi:
503 4333 596 4422 Ergo
608 4337 713 4422 gratis
724 4339 807 4401 estis
819 4338 1019 4415 venumdati,
1040 4339 1073 4403 id
1086 4347 1148 4419 est,
1197 4340 1313 4405 corrsid
1352 4339 1466 4417 esibi,
1494 4350 1527 4404 et
1547 4358 1615 4405 non
1638 4361 1772 4407 manere
1794 4343 1881 4405 intra
1903 4351 2009 4407 metus
2033 4343 2176 4410 vocatio·

168 4419 366 4486 factumest
388 4421 569 4505 petulantia
601 4442 661 4486 seu
690 4420 814 4486 malitia
841 4425 985 4509 gratuita
1011 4421 1147 4492 Diaboli
1196 4425 1261 4503 nis,
1293 4427 1355 4492 sed
1381 4445 1571 4510 erumpere,
1605 4436 1638 4489 et
1659 4424 1767 4492 moliri
1788 4424 1892 4491 multa
1914 4440 2009 4492 extra
2031 4430 2177 4495 vocatio·

170 4507 242 4571 sine
264 4509 369 4591 ipsius
392 4506 532 4573 utilitate
553 4520 586 4573 et
608 4521 731 4573 vestra.
776 4507 901 4575 Contra
930 4508 1040 4576 Gratia
1062 4511 1147 4573 redi·
1196 4529 1288 4578 nemt
1312 4513 1488 4598 despicere
1507 4509 1607 4578 alios:
1630 4510 1785 4599 Denique
1801 4534 1870 4580 non
1892 4515 2027 4579 obedire
2048 4516 2081 4580 in
2099 4535 2176 4600 poe·

169 4595 307 4671 utemini,
340 4595 459 4673 idest,
493 4597 567 4660 siue
588 4608 700 4660 vestra
729 4599 1018 4680 compensatione,
1051 4597 1145 4663 Deus
1195 4598 1259 4663 nis.
1303 4598 1471 4664 Antonius
1493 4609 1546 4664 est
1567 4601 1744 4682 superbus.
1791 4602 1821 4664 l.
1844 4600 1907 4666 Est
1923 4619 2077 4679 securus,
2100 4604 2175 4670 siue

169 4688 279 4744 tamen
302 4680 405 4745 donat
427 4682 525 4747 robis
546 4677 636 4746 aliud
657 4681 815 4767 pretium3
835 4680 1147 4768 Filiumsuunr‚per
1195 4686 1313 4750 timore
1334 4683 1408 4750 Dei·
1443 4686 1473 4751 2.
1497 4684 1606 4751 Habet
1627 4683 1782 4752 fiduciam
1804 4688 1870 4752 sui:
1893 4688 2099 4757 Erdenciet:
2120 4687 2175 4761 teli
2252 4727 2255 4732 -

169 4785 265 4852 quern
288 4765 500 4831 redimemini.
1195 4771 1247 4832 bia
1268 4775 1319 4832 ein
1339 4770 1544 4853 irrieyesmua,
1577 4768 1624 4832 Ee
1655 4770 1711 4835 dui
1731 4775 1792 4836 orie
1812 4776 1864 4838 nie
1885 4773 2089 4855 ndrsiampen:
2121 4775 2176 4840 dia

255 4850 328 4916 ilae
351 4853 572 4934 promissione
592 4853 728 4922 incitati,
752 4855 848 4918 etiam
872 4876 947 4920 earn
969 4856 1145 4924 ineidirnns
1193 4855 1319 4920 recites
1340 4857 1525 4940 irriepasieai
1544 4856 1667 4939 iunpen
1688 4862 1748 4921 mir
1769 4880 1825 4938 un,
1848 4861 1898 4923 uia
1917 4859 1977 4921 der
1997 4860 2175 4931 Ventidius

167 4939 201 5003 in
224 4957 369 5022 poenas,
391 4948 501 5004 tamen
523 4951 673 5025 petamm
695 4941 825 5004 veniam
840 4951 882 5005 et
902 4937 1145 5009 liberationem.
1193 4943 1324 5009 Bassus
1344 4946 1388 5006 ist
1410 4945 1467 5007 der
1488 4943 1614 5012 reaeiieu
1635 4947 1884 5031 capitaneorum
1913 4949 1998 5008 einer
2024 4965 2173 5028 praesen,

168 5024 204 5088 ln
227 5036 321 5089 textu
343 5023 408 5089 iste
431 5024 689 5104 deicidarum
709 5033 806 5088 eurr:
829 5027 1047 5108 apprehendit
1067 5048 1145 5095 enm.
1218 5030 1250 5095 ui
1272 5031 1367 5096 duxit
1384 5034 1564 5099 exercitum
1586 5032 1752 5100 adversus
1769 5033 1926 5110 Parthos,
1949 5045 1982 5097 ει
2004 5035 2084 5099 vicit
2102 5052 2172 5101 eoa.

168 5108 269 5176 Filius
283 5109 346 5174 Dei
369 5111 511 5198 attingit,
534 5111 751 5198 apprehendit
767 5133 844 5194 nos,
866 5115 1008 5180 induens
1031 5114 1172 5185 bema-i
1210 5115 1269 5183 'uit
1293 5119 1434 5203 primurn
1456 5116 1570 5198 mulio,
1597 5121 1647 5181 eia
1669 5117 1871 5196 Βεειινειὸεν,
1899 5118 2037 5182 innecii
2068 5122 2113 5184 iri
2139 5141 2175 5185 er

324 5246 471 5295 amara.
487 5248 728 5292 orsurouur.
1939 5239 1974 5292 8⁵

1459 4066 1570 4173 Quid
1601 4083 1665 4154 est
1693 4070 1910 4182 superbiai
