4620 5588
22 2220 28 2229 ’
152 2203 279 2307 Quod
324 2217 386 2287 est
431 2232 582 2287 nomen
628 2203 693 2286 isti
723 2204 854 2286 mensi
896 2202 1133 2305 Novembri,

153 166 220 233 779
711 212 718 217 -
788 164 903 231 ruth.
924 163 1032 232 MEL.
1056 163 1245 231 sturm
1267 164 1533 233 exsut-:tica
2102 172 2169 247 illi)

1159 347 1345 429 loccidens
1383 354 1450 422 boo
1489 376 1604 423 mense
1645 359 1709 424 ciet
1741 361 1902 429 maximas
1940 373 2169 451 ternpsetates.

1159 444 1163 498 1
1186 437 1285 505 Unde
1306 453 1340 507 et
1361 439 1523 530 Virgilius
1544 444 1641 510 disits

1317 563 1439 628 &erus
1459 567 1516 629 abi
1535 567 1690 647 tytanis
1715 570 1815 636 oreon
1836 573 1986 638 conditur
2005 576 2109 641 redte

1272 697 1409 763 Menses
1438 698 1665 768 Hebraeorum
1687 703 1813 771 babent
1836 710 1977 792 optimas
1998 709 2169 798 Etymolo-

244 785 468 851 Numerarunt
493 796 562 850 tres
595 797 723 870 partes:
757 782 1018 859 contritionem,
1047 781 1135 849 Gou-
1156 821 1162 863 ,
1187 785 1273 868 glas,
1297 782 1349 849 vel
1372 805 1391 849 a
1414 783 1535 866 stellis,
1565 787 1621 852 vel
1643 811 1663 854 a
1685 793 1874 858 maturitate
1902 792 2045 882 frugum.
2092 795 2168 864 Pul-

153 873 335 941 sessioncm
357 884 390 936 et
412 869 693 937 satisfactionem.
728 869 781 934 De
808 869 949 956 singulis
972 871 1133 955 partibus,
1187 867 1299 934 ebrius
1326 883 1379 934 est
1415 874 1631 940 considerare
1663 897 1738 957 res,
1795 901 1870 945 uam
1899 880 2025 968 fingere
2059 904 2167 950 noras

153 978 196 1023 ac
218 957 412 1044 praesertim
435 958 478 1023 de
500 953 804 1035 satisfactionibus,
836 952 971 1021 inerunt
1004 956 1134 1020 intrica·
1187 976 1303 1036 voces,
1336 969 1372 1021 ut
1405 958 1527 1026 Graeci
1559 961 1720 1028 iecerunt
1809 980 1898 1032 otest
1929 969 2005 1034 inde
2038 968 2167 1056 colligi,

153 1046 304 1110 tissima
326 1044 578 1129 disputationes.
611 1041 755 1107 Veteres
777 1044 986 1108 nominarunt
1007 1060 1134 1126 poenas
1188 1042 1358 1109 Graecos·
1374 1041 1480 1111 inisse
1512 1052 1716 1115 recentiores
1749 1042 1887 1117 iudaeis'
1913 1065 1944 1117 et
1978 1055 2030 1120 Ae
2079 1058 2166 1141 ptiis.

153 1129 343 1196 canonicas
364 1135 511 1212 ἐπιτίμια,
531 1129 565 1194 id
588 1139 657 1208 est,
690 1127 843 1193 mulctas.
888 1127 964 1193 Fuit
991 1127 1136 1193 humana
1186 1127 1258 1193 Nec
1282 1142 1405 1194 tanturn
1434 1132 1606 1199 doctrinae
1634 1135 1823 1202 habuerunt
1847 1138 1966 1204 Graeci
1991 1153 2024 1205 et
2064 1145 2168 1221 ratini,

151 1217 336 1282 ordinatio:
360 1236 427 1281 non
454 1216 574 1281 meruit
596 1217 824 1280 remissionem
847 1226 1072 1298 peccatorum,
1102 1225 1136 1279 et
1160 1265 1164 1316 t
1186 1226 1224 1280 nt
1246 1215 1356 1281 ludaei
1379 1227 1412 1281 et
1434 1217 1607 1305 Aegyptii:
1637 1223 1711 1288 ideo
1734 1241 1801 1288 nou
1831 1236 1895 1289 tarn
1915 1225 2087 1312 elegentes
2110 1251 2167 1314 ap-

153 1314 263 1370 tamen
293 1304 326 1367 in
357 1312 449 1367 tanta
481 1300 559 1367 luce
591 1302 690 1366 etiam
719 1320 807 1367 nunc
828 1300 984 1365 Bavaricl
1005 1297 1137 1366 articuli
1160 1322 1164 1373 ι
1186 1299 1387 1386 pollutiones
1421 1308 1592 1372 mensibus
1625 1309 1822 1376 indiderunt.
1892 1313 1993 1377 Attici
2031 1334 2166 1381 menses

153 1401 319 1455 conantur
341 1400 408 1454 tam
425 1385 602 1453 manifesta
619 1388 793 1453 mendacia
809 1389 966 1470 probare,
987 1397 1021 1450 et
1038 1406 1136 1452 reno·
1160 1430 1164 1466 2
1186 1388 1264 1451 dicti
1288 1403 1366 1454 sunt
1398 1410 1419 1455 a
1452 1392 1636 1460 sacrificiis.
1698 1394 1837 1461 Romani
1871 1419 2004 1465 menses
2037 1402 2168 1488 absque

156 1495 246 1540 rare.
293 1474 386 1541 Haec
408 1475 543 1561 quaudo
567 1474 610 1539 de
631 1486 792 1558 tempore,
817 1485 849 1538 et
871 1473 1026 1559 negotiis,
1048 1490 1135 1558 quae
1159 1483 1165 1632 p
1187 1487 1281 1538 recto
1311 1476 1428 1541 ordine
1461 1475 1592 1543 fuerunt
1626 1479 1769 1547 confusi.
1825 1484 1997 1553 lanuarius
2026 1501 2168 1573 epatre

153 1573 233 1626 tunc
267 1562 479 1641 accidemnt,
512 1559 684 1647 cogitetis,
717 1555 816 1625 simul
849 1560 977 1624 debetis
1009 1559 1134 1644 gratias
1186 1562 1297 1646 gentis
1315 1561 1406 1643 lano,
1440 1565 1472 1628 id
1496 1577 1560 1644 est,
1594 1571 1714 1652 laplret.
1771 1569 1989 1651 Februarius,
2021 1595 2043 1638 a
2065 1575 2167 1640 sacri

151 1666 257 1733 agere
279 1646 355 1712 Deo
376 1666 439 1729 pru
460 1643 682 1712 illustratione
703 1647 886 1723 doctrinae,
910 1656 943 1709 et
964 1664 1028 1711 vos
1050 1645 1135 1710 exci-
1159 1638 1164 1741 l
1186 1647 1271 1711 liciis
1305 1661 1519 1716 mortuorum.
1576 1651 1734 1732 Martius,
1768 1678 1789 1720 a
1816 1654 1911 1722 iestis
1938 1657 2067 1725 Martis.
2118 1661 2169 1726 lta

152 1744 225 1799 tare
248 1734 290 1799 ad
319 1733 513 1801 discendam
548 1733 730 1799 doctrinam
754 1733 997 1799 necessariam:
1030 1733 1137 1813 Goffet
1158 1763 1161 1778 ·
1185 1753 1252 1798 non
1277 1747 1352 1799 sunt
1374 1734 1616 1820 appellationes
1639 1741 1757 1806 burum
1780 1756 1931 1827 sumptae
1949 1766 1969 1809 a
1988 1746 2169 1826 sideribus,

150 1824 249 1902 abitt,
278 1823 339 1886 rote
371 1821 425 1885 dte
451 1823 598 1901 Narras,
630 1839 726 1886 toonn
758 1825 862 1886 elcan
893 1820 948 1885 ein
980 1814 1134 1904 illyricus
1185 1831 1241 1883 out
1258 1823 1445 1886 maturitate
1466 1819 1612 1910 frugum,
1640 1838 1676 1891 nt
1699 1829 1786 1912 apud
1810 1829 1999 1909 Hebraeos3
2025 1852 2167 1918 quorum

149 1909 295 1973 aeirem
313 1925 383 1974 oum
408 1907 583 1974 carnut.
617 1903 747 1970 Discite
763 1903 875 1970 fontes
898 1904 1134 1982 doctrinarum,
1184 1903 1427 1992 appellationes
1467 1921 1544 1974 sunt
1577 1912 1821 1995 testimonium,
1859 1916 1949 2005 quod
1988 1920 2169 2004 antiquitas

153 2003 188 2057 et
210 1992 389 2057 discernite
410 1993 604 2057 necessaria
624 2013 645 2057 a
666 2011 734 2056 non
756 1991 966 2057 necessariis.
1050 2057 1055 2068 ,
1185 1993 1405 2058 considerauit
1427 2008 1523 2061 ortus
1545 2009 1579 2060 et
1602 2017 1749 2064 occasus
1767 2002 1923 2068 siderum.
1967 2003 2070 2069 Festa
2091 2007 2167 2091 ipsa

1185 2081 1353 2164 cogebant
1385 2099 1445 2144 eos
1478 2078 1601 2167 aliquid
1636 2084 1768 2151 discere
1789 2089 1831 2153 de
1851 2090 1996 2155 mutibus
2017 2089 2109 2156 Sulis
2132 2104 2169 2156 st

1184 2161 1324 2229 aliarum
1347 2162 1537 2247 stellarum,
1571 2189 1657 2255 qnae
1690 2192 1812 2238 aunum
1835 2175 2052 2263 distinguunt.
2095 2175 2169 2242 Do-

1184 2251 1291 2315 ctrina
1320 2253 1362 2318 de
1390 2272 1479 2316 auno
1507 2266 1559 2319 est
1591 2259 1771 2342 praecipua
1806 2282 1885 2346 pars
1915 2263 2169 2329 Astrunomiaet

520 2324 564 2406 in
593 2324 765 2408 Bibliisi
1183 2339 1254 2402 mad
1272 2357 1340 2490 appr
1361 2342 1415 2404 die
1434 2343 1512 2424 kun,
1530 2345 1593 2407 der
1613 2346 1753 2410 summer
1772 2356 1832 2414 nrtt
1850 2352 1923 2415 darn
1938 2351 2067 2415 easdem
2083 2352 2171 2417 nodi

1182 2443 1280 2490 srtrec
1315 2471 1324 2489 .

240 2507 305 2573 Pro
339 2526 453 2573 meuse
486 2527 587 2585 nouo,
619 2510 724 2574 sudet
754 2514 789 2573 tn
818 2503 980 2572 Zacharia
1012 2510 1134 2587 Κοῖον,
1270 2509 1409 2576 Habetis
1432 2513 1464 2576 iu
1486 2513 1625 2580 historia
1647 2516 1820 2603 Stephani,
1846 2523 2024 2604 Rempltos,
2045 2521 2171 2601 idest,

150 2595 229 2660 item
251 2597 285 2658 in
308 2592 395 2659 libro
417 2591 713 2670 Maccahaeorum
732 2593 829 2658 nobis
851 2606 905 2659 est
925 2594 1051 2659 mensis
1073 2614 1133 2660 un·
1184 2594 1292 2661 Sirius
1314 2595 1371 2663 vel
1393 2599 1557 2680 canicula,
1591 2622 1677 2688 quae
1708 2604 1809 2670 stella
1832 2619 1886 2671 est
1913 2609 1946 2672 in
1976 2619 2090 2674 mento
2111 2608 2172 2675 rel

148 2681 317 2747 decimus:
352 2681 429 2766 quia
462 2691 613 2745 vetustas
645 2677 815 2745 inchoavit
843 2681 965 2745 annum
993 2701 1014 2745 a
1041 2700 1134 2759 vere,
1185 2702 1245 2747 ora
1267 2686 1383 2749 canis:
1403 2689 1473 2752 Der
1493 2689 1578 2755 atter
1595 2699 1709 2771 arcete
1729 2690 1845 2772 Stern,
1873 2696 1934 2760 der
1954 2697 2029 2761 dem
2050 2694 2170 2760 Orioni

149 2768 242 2855 quod
262 2776 383 2833 natura
407 2765 523 2842 docet;
552 2765 646 2852 primi
679 2777 792 2852 patres
814 2763 880 2831 boc
903 2776 1134 2845 servaverunt,
1181 2774 1293 2854 solpct.
1354 2770 1491 2838 Oriente
1519 2773 1672 2842 canicula
1704 2789 1776 2844 erat
1807 2779 1934 2845 initium
1969 2781 2045 2846 anni
2079 2782 2173 2867 apud

150 2863 185 2945 et
211 2852 367 2939 autiquae
398 2862 528 2938 gentes.
589 2854 685 2918 Wenn
718 2851 770 2916 r'dr
798 2871 865 2918 man
887 2871 907 2916 a
930 2852 1051 2917 Martio
1076 2872 1133 2919 aa·
1185 2857 1386 2946 Aegyptios,
1408 2869 1441 2924 et
1462 2857 1560 2926 Nilus
1582 2864 1780 2930 exundabat.
1816 2864 1939 2932 llabult
1960 2878 2041 2933 tunc
2058 2867 2173 2956 Aegy·

149 2941 254 3022 sabel,
275 2958 313 3005 ao
334 2941 451 3005 taldis
473 2940 648 3004 Zolreedt.
1185 2955 1262 3028 ptus
1290 2942 1395 3010 multa
1423 2944 1593 3014 miracola.
1651 2947 1775 3016 Ferunt
1802 2953 1943 3019 bestiam
1972 2954 2019 3019 ibl
2051 2950 2171 3033 lukas,

150 3034 153 3039 ·
1186 3050 1275 3116 quae
1295 3033 1464 3117 presensit
1487 3045 1595 3101 ortum
1614 3034 1702 3116 Sirii,
1726 3049 1758 3103 et
1780 3059 1854 3104 eum
1876 3040 2041 3105 adoravit.
2085 3039 2170 3105 Earn

156 483 376 585 Quomodo
432 482 703 565 distinxerunt
758 484 941 594 papistae
1001 494 1136 592 partes

496 601 804 714 poeniteutiae?

151 3162 274 3301 ¹{lude
295 3166 552 3277 componitur
573 3167 684 3278 apud
697 3133 865 3250 Latinos
881 3166 1133 3279 September,
1186 3118 1925 3297 i'ssdndebmiit'iufssmffmiegsyi’gpffiu
1942 3126 2171 3279 ῑῗζῗὲιῖᾶῗῗο

400 3282 592 3391 October,
622 3285 885 3373 November?
1186 3289 1440 3377 indngustunr.
1484 3292 1521 3358 ln
1544 3293 1650 3360 Amos
1676 3300 1793 3373 stedet.
1826 3296 1911 3364 Cion
1932 3290 2049 3364 stella:
2083 3296 2170 3365 Cion

1157 3390 1162 3467 t
1187 3383 1231 3442 tat
1251 3379 1313 3443 dar
1333 3387 1416 3444 ruore
1434 3376 1532 3462 band,
1553 3383 1642 3465 quod
1666 3394 1718 3448 est
1741 3383 1959 3463 Hebraicum,
1988 3384 2170 3469 Graecum,

237 3466 452 3556 Respsmico.
485 3469 696 3537 Posteriores
713 3489 847 3537 menses
865 3490 986 3537 nomen
1009 3469 1135 3536 habent
1157 3470 1163 3543 Ι
1187 3462 1432 3529 Germanicum.
1477 3464 1688 3535 Conveniunt
1714 3489 1817 3556 saepe
1844 3468 1979 3557 linguae
1999 3473 2035 3536 in
2056 3469 2170 3557 appel·

148 3552 195 3625 ¹ab
218 3554 341 3644 ὅοβρος,
374 3556 494 3635 treber,
526 3555 599 3635 vel,
632 3564 813 3641 tempestas,
835 3568 914 3624 sunt
934 3557 1043 3624 miuus
1064 3554 1135 3641 pla·
1157 3567 1163 3605 ¹
1186 3547 1382 3615 lotionibus:
1413 3553 1502 3636 quod
1525 3552 1599 3618 ideo
1623 3557 1716 3633 dico,
1744 3569 1781 3620 ut
1803 3556 1957 3643 cogitetis
1985 3558 2028 3623 de
2050 3558 2170 3623 studiis

152 3641 247 3710 cidae
269 3655 503 3729 tempestates,
536 3641 592 3710 rel
617 3645 729 3731 potius
752 3642 1001 3724 horribiliores,
1036 3664 1134 3731 quam
1186 3637 1401 3722 antiquitatis.
1477 3639 1528 3703 Ae
1576 3641 1634 3726 ptii
1668 3640 1843 3708 coluerunt
1880 3641 1995 3711 Solem
2034 3646 2171 3711 namins

149 3725 290 3797 aliorum
313 3730 485 3796 mensium.
1157 3725 1334 3823 ,Sarma
1366 3723 1401 3788 id
1428 3736 1496 3804 est,
1544 3723 1674 3830 uigens.
1728 3727 1805 3794 lion
1835 3742 1907 3832 est,
1939 3740 1977 3797 ut
1999 3728 2171 3809 Osiandr

1157 3806 1360 3982 ῖὲῖοὲ
1374 3815 1911 3969 ror
1927 3804 2169 3988 ῖὲῖοοὲ

1185 3982 1326 4080 insignis
1360 3979 1478 4064 stella,
1518 3995 1552 4048 et
1582 3983 1707 4052 initium
1745 3988 1823 4053 anni
1854 3988 1943 4074 apud
1977 3989 2029 4053 Ae
2100 3989 2167 4054 ties

235 4070 452 4158 Respondes.
511 4072 574 4140 Est
602 4077 757 4156 aliesei,
791 4075 833 4140 ab
868 4074 1003 4155 Orione,
1036 4077 1132 4161 quasi
1185 4069 1264 4150 luit,
1297 4078 1330 4133 et
1362 4079 1456 4134 ortus
1493 4070 1565 4134 eius
1597 4084 1670 4138 arat
1699 4074 1830 4160 siguum
1860 4075 2059 4141 exundeturl
2120 4071 2167 4153 ili,

150 4160 264 4240 dicas,
298 4158 426 4227 biensis
450 4162 652 4242 Orionaeus,
685 4160 764 4249 quia
783 4159 852 4226 hoc
873 4181 990 4228 mensa
1012 4163 1134 4228 occidit
1186 4154 1265 4222 ldeo
1298 4174 1371 4221 earu
1394 4153 1587 4233 coluerunt3
1620 4170 1653 4224 et
1684 4161 1735 4225 ⁸10
1767 4180 1831 4226 ⁸1¹²
1861 4161 1991 4227 18ΰοὓο
2022 4160 2167 4240 seducti,

149 4244 253 4315 Orion
272 4268 376 4314 mane.
1185 4239 1361 4311 coluerunt
1381 4238 1467 4307 ulios
1488 4241 1601 4321 Deos,
1634 4256 1669 4310 nt
1691 4245 1746 4324 fit,
1780 4267 1854 4312 cum
1883 4245 2036 4313 homines
2059 4246 2168 4313 ebos-

1186 4332 1268 4398 dunt
1290 4351 1311 4393 a
1333 4326 1408 4396 Deo
1436 4327 1479 4393 ad
1503 4342 1693 4409 creaturasr
1727 4335 1819 4400 utin
1841 4331 1996 4400 Ecclesia
2017 4335 2052 4398 in
2072 4333 2167 4400 invo-

356 4424 478 4512 Unde
515 4427 730 4512 deducitur
768 4424 927 4512 Orion?
1185 4419 1319 4525 optione
1340 4426 1549 4496 sanctorum,
1582 4428 1616 4483 et
1637 4419 1951 4525 circumgestationo
1972 4420 2069 4505 panis
2090 4419 2169 4487 lrur·

237 4592 289 4658 Ab
309 4581 345 4656 ori
363 4618 411 4675 or,
444 4588 573 4672 idest,
601 4599 707 4676 armna,
741 4595 830 4679 qnod
863 4589 965 4658 iaciat
993 4612 1130 4680 magnas
1184 4500 2105 4666 3?ersacltluddseiibessaellgdigsffltalliffiffdffi
2119 4507 2168 4659 nei

148 4677 293 4764 pluvias.
383 4698 428 4766 go
460 4699 528 4743 non
561 4690 641 4764 puto
675 4679 754 4744 inde
786 4680 927 4744 derivari
961 4677 1131 4760 Orionem,
1184 4694 1249 4745 nos
1271 4689 1368 4764 regat
1389 4678 1508 4761 spiritu
1529 4697 1605 4743 suo.

78 4814 82 4821 .
142 4767 212 4837 'sed
235 4767 277 4830 ab
302 4759 381 4856 cipp,
404 4766 494 4852 quod
523 4765 691 4852 signifieat
720 4766 964 4834 distinctionem
987 4779 1131 4853 quatuor
1431 4841 1439 4858 ‚
1787 4841 1795 4858 ,
2125 4820 2161 4858 ,-

148 4860 333 4935 temporum
355 4852 441 4919 anni.
486 4850 592 4916 Orion
613 4848 806 4917 notabiliter
827 4851 1001 4939 distinguit
1023 4863 1131 4918 aesta·
1182 4838 1258 4925 Ex
1295 4870 1542 4931 concione
1573 4840 1798 4924 Mathaer
1832 4848 1869 4927 5.
1907 4840 1968 4925 de
2000 4841 2166 4924 beatt-

38 5002 45 5010 ,
150 4949 215 5003 tem
238 4947 271 5001 et
293 4935 476 5025 hyemem„
498 4948 532 5005 et
554 4948 608 5004 est
640 4939 785 5005 ourrsiutn
808 4939 954 5006 siderum
974 4937 1129 5024 pulcher·
1536 4961 1807 5045 tudinibus

149 5024 267 5089 rituum
286 5035 318 5088 et
342 5024 549 5090 notissimum
570 5026 603 5089 in
626 5035 696 5088 toto
718 5020 827 5090 coelo.
871 5023 922 5089 lit
945 5025 1017 5090 eius
1039 5045 1129 5090 meu·
1252 5044 1257 5049 ·
1807 5027 1816 5044 '

149 5109 196 5173 tio
229 5111 262 5174 in
297 5112 449 5176 omnibus
489 5111 717 5181 mammeam.
746 5111 970 5198 antiquorum·
1025 5110 1128 5179 Orion
1269 5110 1304 5179 ln
1338 5110 1489 5200 doctrina
1521 5110 1746 5196 poenitentiae
1777 5086 1830 5177 ast
1851 5128 1994 5178 necesse
2015 5072 2167 5178 emunt

338 3904 461 3993 Unde
492 3921 556 3992 est
586 3873 737 3992 nornen
767 3908 942 3996 Kisleul
