4620 5588
110 146 220 247 ‘ets
789 152 1527 228 rumnunsonrrraaxraancs
2100 130 2179 231 'asu

151 348 245 437 Ego,
272 346 395 432 inquit,
428 347 529 410 vitam
561 356 730 412 aeternam
764 346 807 410 do
841 347 901 410 eis.
962 348 1044 427 Suet
1074 366 1134 412 aas
1183 347 1261 433 quia
1283 367 1347 432 ego
1371 347 1462 426 seio,
1491 368 1590 432 quam
1623 348 1668 413 sit
1699 344 1870 415 salutaris.
1925 350 1984 418 lclt
2015 356 2096 422 daos
2115 375 2175 421 er.

151 442 261 504 selae
281 452 422 518 person:
454 428 587 517 Alioqui
621 430 842 519 sanctificatio
876 445 910 497 ct
942 432 1134 499 iustificatio
1179 439 1281 517 (bren
1301 436 1362 516 bey
1383 443 1447 500 rntr
1467 437 1583 500 satist:
1615 431 1780 500 D'abolus
1807 448 1949 501 curratur
1975 458 2038 503 nos
2072 460 2172 506 ever·

151 532 231 587 sont
270 540 374 604 opera
414 519 596 584 eommunia
634 521 740 584 tribus
780 521 943 604 personis.
1011 517 1132 583 l'roha.
1182 531 1264 598 tere,
1294 523 1436 589 bratteis
1463 524 1534 586 stad
1562 524 1728 602 aetitiam
1766 524 1830 586 sed
1864 521 2018 589 Christus
2058 538 2172 609 portat

151 612 253 675 Peter
285 626 376 672 incus
407 625 509 689 usqne
535 608 628 671 :nodo
656 613 825 689 operatur,
858 615 892 672 et
922 625 982 688 epo
1003 625 1132 688 operor.
1183 626 1246 671 nos
1268 607 1301 670 in
1324 609 1396 671 suis
1418 608 1581 671 arantibus.
1625 610 1807 689 bonchort
1827 629 1895 677 nro:
1911 613 1994 675 auclt
2014 613 2077 678 aa:
2097 614 2168 692 itis,

152 692 247 761 Sicut
273 693 392 757 uidetis
426 693 523 756 etiam
556 690 612 755 hic
646 693 788 756 describi
812 692 998 756 communia
1015 712 1131 776 opera,
1181 689 1303 758 Esaiae
1319 692 1374 755 ab.
1429 694 1611 758 Pcrtnnn'at
1641 700 1675 758 tn
1708 711 1800 760 nero
1821 715 1908 772 rimo,
1938 706 2113 778 pestanensi
2133 705 2171 765 in

152 801 228 847 cum
261 779 358 844 dicit:
392 775 497 843 Nemo
529 785 639 861 rapiet
671 799 716 844 es
747 781 895 843 :rrrrntdus
924 784 1032 861 patris
1059 787 1131 844 met.
1180 784 1251 844 atro
1273 797 1356 857 iiten,
1383 799 1484 860 usque
1504 783 1550 844 ud
1569 785 1747 862 senecioni,
1780 801 1839 864 epo
1866 785 2015 865 periodo.
2070 783 2169 853 ltem:

152 864 237 932 Sunt
258 885 378 950 magna
400 865 591 929 certamina.
636 863 720 928 Nam
743 861 909 929 Diabolus
932 862 1132 929 horribiliter·
1153 915 1160 960 ἱ
1181 864 1275 930 Sterni
1291 873 1444 948 pastores
1461 876 1593 946 pectant
1612 874 1645 930 ct
1663 863 1777 947 locent
1801 888 1919 933 recense
1939 871 2045 934 editos
2066 890 2169 953 agmos

153 964 324 1038 oppugnat
341 971 424 1030 nos,
457 965 490 1014 et
513 952 603 1034 cupit
625 970 688 1014 nus
710 948 858 1016 avellere
880 972 900 1015 a
922 950 1010 1029 lleo,
1044 952 1132 1015 sicut
1180 957 1329 1035 tenacitas,
1363 954 1409 1017 ito
1438 961 1548 1033 qesta!
1577 971 1637 1018 nos
1669 952 1763 1018 Deus
1792 960 1827 1019 r'n
1850 960 1978 1036 premio
2010 975 2086 1023 erto:
2119 969 2166 1038 et,

150 1041 292 1115 videtis,
325 1038 494 1123 quomodo
527 1038 560 1100 in
595 1037 756 1101 Paradiso
790 1039 989 1124 oppugnarit
1021 1037 1130 1101 :hilam
1181 1038 1269 1103 sicut
1293 1039 1371 1122 agni
1405 1036 1469 1116 illi,
1502 1039 1565 1102 nisi
1599 1049 1812 1123 gestarentur
1833 1060 1854 1104 a
1878 1055 2030 1122 pastore,
2063 1042 2169 1109 devo·

151 1136 185 1192 et
217 1123 339 1202 Evam,
378 1135 497 1208 postea
532 1124 718 1202 Aaronem,
755 1122 917 1210 Moysen,
955 1121 1131 1201 Davidem,
1181 1135 1335 1188 narentur
1357 1146 1378 1188 a
1400 1120 1478 1209 lupo
1501 1121 1556 1190 vel
1586 1121 1757 1209 vulpibus:
1790 1128 1837 1190 ita
1863 1125 1957 1191 Deus
1991 1146 2056 1194 nos
2084 1151 2168 1215 quo·

150 1209 298 1289 Saulem,
321 1210 444 1275 ludam.
487 1208 680 1294 Loquamnr
710 1211 751 1275 de
774 1212 847 1274 istis
870 1211 996 1276 crassis
1019 1230 1129 1274 esem·
1206 1231 1246 1273 uc
1279 1222 1391 1295 gestat
1424 1212 1457 1274 in
1490 1213 1643 1277 rnarrihus
1676 1212 1766 1289 suis,
1800 1232 1862 1277 nec
1895 1215 1975 1277 sinit
2007 1234 2071 1277 nos
2104 1236 2168 1299 per

149 1293 227 1385 plis.
282 1295 390 1360 Adam
422 1311 455 1361 et
483 1294 555 1360 Eva
577 1294 709 1379 impulsi
732 1318 753 1361 a
774 1294 933 1376 Dicholo,
966 1306 1064 1360 ruunt
1095 1297 1129 1360 in
1181 1231 1360 1361 lliabulum
1393 1298 1474 1381 eripi
1509 1319 1551 1361 ex
1578 1300 1731 1362 munibus
1763 1300 1845 1363 suis.
1904 1299 1976 1366 Das
2002 1304 2081 1366 snit
2110 1304 2167 1368 tite

149 1394 308 1461 mortem,
341 1394 375 1448 ct
396 1382 599 1447 mansissent
619 1383 652 1447 in
674 1393 798 1462 morte,
831 1384 895 1447 nisi
928 1379 1049 1447 suisset
1069 1402 1129 1467 per
1177 1402 1315 1464 praesen
1338 1384 1515 1461 henclicia,
1548 1404 1635 1468 quae
1658 1386 1714 1449 dat
1747 1387 1846 1449 nobis
1868 1383 2044 1462 Christus3
2073 1385 2167 1453 delet
2243 1459 2244 1462 Ἴ

149 1467 267 1534 filium
288 1469 547 1534 intercedentem
567 1489 627 1554 pro
650 1471 717 1549 eis,
750 1468 891 1534 liberati.
936 1469 1052 1533 Aaron
1075 1488 1129 1532 as·
1180 1470 1529 1554 peccaturqrestituit
1550 1471 1725 1547 institistis,
1754 1470 1811 1535 dat
1832 1472 1990 1555 Spiritum
2012 1487 2166 1539 sanctum
2203 1500 2205 1504 ·

149 1557 290 1620 sentitur
313 1552 510 1620 manifestae
531 1551 755 1639 idololatriae;
778 1558 847 1620 nttd
865 1558 925 1621 der
947 1561 1015 1619 test
1036 1564 1129 1634 sapt:
1181 1565 1216 1619 et
1248 1557 1349 1620 vitum
1381 1570 1567 1635 aeternam,
1608 1558 1677 1625 dat¹
1698 1556 1796 1622 etiam
1831 1560 1920 1623 bona
1954 1557 2165 1644 corporalia:

148 1640 309 1710 Domitius
340 1646 436 1709 velud
453 1662 525 1708 eun:
546 1650 727 1710 conterere.
780 1638 893 1707 Dauid
927 1639 1129 1706 horribiliter
1181 1639 1279 1707 Dcnn
1306 1645 1408 1709 antica
1439 1644 1559 1709 dirnter
1590 1648 1799 1725 rrrffermpen
1830 1647 1973 1724 werden,
2006 1665 2044 1711 aa
2075 1665 2169 1712 raras

147 1723 272 1794 labitur
304 1729 336 1792 in
369 1725 566 1794 adulterium
595 1741 629 1794 ct
660 1726 895 1807 homicidium,
934 1740 967 1792 et
999 1747 1130 1811 poenae
1180 1747 1258 1792 :narr
1289 1731 1410 1794 duttebt
1441 1731 1558 1807 dudem
1590 1738 1651 1795 rote
1673 1726 1828 1794 Christus
1856 1734 2066 1812 censeatur:
2098 1734 2171 1798 Scit

147 1814 295 1880 indicant
317 1815 575 1900 magnitudinem
608 1813 725 1902 lapsus
742 1813 900 1880 Doridis:
932 1825 965 1878 et
993 1814 1045 1880 sio
1062 1815 1128 1878 sin·
1176 1823 1275 1898 puter
1296 1824 1403 1881 restes·
1424 1819 1582 1892 metretis,
1599 1819 1685 1898 qnod
1699 1820 1787 1882 robis
1808 1819 1860 1883 lais
1881 1837 1961 1898 opu:
1984 1825 2037 1884 stt.
2072 1815 2168 1906 Ergo

148 1901 218 1988 guli
255 1901 418 1967 hahemus
451 1900 625 1986 plurimum
659 1914 889 1986 peccatorum,
923 1896 977 1965 alii
1010 1901 1129 1986 magis,
1182 1897 1253 1965 vult
1270 1897 1364 1965 Dens
1387 1921 1454 1967 non
1477 1912 1602 1966 tantum
1625 1898 1683 1966 illa
1709 1915 1847 1969 aeterna
1882 1903 2044 1969 beneficia
2066 1906 2168 1970 nohis

147 1984 203 2052 aiii
232 1989 339 2053 minus
371 1988 517 2053 enormia
549 1998 582 2052 et
604 1989 797 2073 conspicua.
841 1987 907 2051 lsta
929 1981 1127 2072 cogitantes,
1180 1985 1276 2065 dare,
1298 1989 1360 2051 sed
1385 1989 1484 2054 etiam
1513 1986 1711 2071 corporalia.
1771 1987 1865 2063 llanc
1899 1989 2169 2058 consolationem

147 2073 353 2139 dubitamus:
375 2074 535 2141 Surmtsae
554 2077 633 2143 ritis
651 2075 735 2142 Dei?
772 2078 825 2142 Ilo
845 2080 986 2141 antwort
1007 2094 1046 2140 er
1067 2093 1130 2139 aas
1180 2071 1309 2139 debetis
1332 2075 1492 2159 cogitare,
1509 2084 1546 2138 ut
1568 2073 1835 2141 consideratione
1851 2073 1940 2141 illius
1952 2078 2169 2143 exsuscitetis

36 2208 41 2216 -
147 2162 213 2238 itte,
235 2171 267 2225 et
289 2157 485 2226 consolatur
506 2181 582 2241 nos,
604 2162 773 2248 inquiens:
806 2164 888 2228 Ores
908 2180 1002 2227 nreae
1023 2179 1130 2226 oseem
1181 2178 1243 2223 vos
1276 2159 1320 2223 ad
1352 2162 1534 2246 gratiarum
1565 2163 1749 2242 actionem:
1787 2164 1898 2250 agatis
1931 2161 2005 2227 Deo
2037 2163 2169 2249 gratias

146 2265 252 2312 nteom
280 2250 435 2314 aetitiam:
470 2250 658 2334 quicunque
686 2249 821 2314 audiunt
853 2267 959 2312 rrraam
999 2266 1129 2325 vocem,
1179 2265 1241 2330 pro
1263 2245 1337 2310 istis
1360 2245 1541 2325 beneticiis,
1565 2259 1598 2310 et
1620 2252 1825 2332 petatis,·ut
1853 2269 1918 2314 vos
1940 2248 2074 2329 doceat,
2095 2270 2169 2316 nou

146 2351 348 2421 quamquam
369 2336 437 2401 sint
457 2330 556 2420 lapsi,
578 2346 688 2401 tamen
700 2354 766 2423 ego
776 2353 896 2403 rursus
912 2334 1038 2420 erigam
1056 2352 1127 2399 eos.
1181 2331 1267 2397 sinat
1279 2333 1426 2418 extingui
1442 2354 1556 2398 uocem
1568 2345 1810 2420 suanr,sugeat
1822 2336 1932 2414 iidem,
1945 2348 1978 2400 ct
1990 2345 2171 2402 convertat

1180 2436 1243 2497 vos
1262 2419 1305 2483 arl
1327 2437 1377 2484 se.
1411 2419 1566 2485 Christus
1580 2421 1672 2485 addit
1690 2425 1869 2486 rationem:
1890 2442 1995 2504 quere
2010 2424 2170 2490 Diabolus

337 2565 372 2648 P
842 2565 851 2582 ,
914 2544 928 2566 1
1179 2523 1241 2588 noa
1259 2525 1326 2572 noa
1342 2514 1452 2591 poerit
1481 2527 1523 2572 aa
1544 2507 1694 2574 :noamm
1725 2515 1796 2575 snb
1816 2517 1960 2592 stipem
1994 2518 2028 2575 et
2057 2519 2171 2577 estor-

373 2567 473 2658 roba
503 2593 578 2678 per
607 2577 771 2649 textum
800 2565 935 2685 alium.
1179 2610 1288 2673 quere.

230 2771 267 2838 ln
289 2764 452 2857 parabola
481 2767 523 2832 de
544 2777 699 2851 pastore,
732 2765 790 2851 qui
818 2761 924 2851 ¹hahet
947 2761 1010 2846 loo
1026 2730 1159 2845 ‚aresi
1199 2826 1204 2833 ,
1327 2844 1330 2848 ¹
1675 2815 1680 2823 .
1708 2761 1756 2883 ⁴?

143 2873 178 2930 et
198 2860 324 2927 amissa
346 2877 424 2936 una,
451 2850 611 2940 relinquit
632 2852 676 2918 99
697 2852 731 2916 in
752 2852 907 2930 deserte,
937 2861 971 2915 et
1000 2852 1130 2937 quaerit
1279 2905 1282 2912 .
1584 2795 1722 2900 Quare

143 2969 244 3016 unam
276 2944 384 3010 istam
445 2941 522 3006 Non
554 2941 761 3024 disputamus
793 2939 857 3002 ianr
890 2938 933 3002 de
966 2932 1129 3014 electione

143 3045 180 3102 et
201 3029 513 3119 praedestinatione.
566 3024 630 3105 Tu,
664 3027 695 3089 si
726 3025 822 3090 audis
843 3042 963 3090 vocem
991 3020 1128 3102 Christi,

145 3142 184 3189 es
207 3114 347 3184 electus.
402 3113 440 3180 Si
473 3132 540 3179 non
574 3112 626 3177 vis
659 3111 774 3176 audire
802 3111 916 3189 istam,
948 3128 986 3174 es
1019 3106 1128 3174 hastis

145 3207 288 3284 Christi,
324 3215 358 3270 et
385 3221 453 3267 non
491 3197 598 3263 hahes
637 3195 868 3263 renuissionem
901 3205 1128 3281 peccatorum,

144 3293 314 3370 iustitiam,
335 3287 546 3356 donationem
557 3284 700 3371 Spiritus
713 3283 832 3362 sancti,
854 3293 888 3347 et
905 3283 1004 3349 vitam
1021 3293 1128 3348 aeter·

1184 2990 1267 3066 Orno
1285 3006 1344 3070 epo
1369 2994 1406 3055 et
1424 2996 1520 3072 poter
1547 3006 1659 3055 morus
1679 3008 1787 3057 aaron.
1837 2993 1891 3057 nu
1909 3000 1986 3073 :aar
2010 3012 2050 3058 er
2076 2994 2167 3073 dim,

1180 3075 1270 3160 quod
1293 3072 1416 3139 habeat
1437 3075 1615 3160 potentiam
1639 3077 1793 3142 divinam.
1852 3079 2096 3161 &sterneremus
2129 3080 2167 3145 id

1181 3169 1245 3239 est,
1267 3161 1416 3225 asseritis
1437 3172 1470 3225 et
1493 3164 1658 3243 potantia3
1692 3175 1726 3227 et
1750 3175 1862 3229 tamen
1884 3177 1963 3228 sunt
1985 3164 2167 3231 distinctae

1180 3264 1365 3331 personae:
1398 3258 1432 3312 et
1457 3246 1577 3327 Filius,
1611 3267 1680 3313 nou
1701 3246 1803 3316 Pater
1824 3252 1964 3316 assumit
1985 3248 2168 3317 humanam

145 3401 233 3447 nam.
286 3374 342 3444 De
373 3376 440 3442 hoc
471 3393 539 3439 non
573 3373 732 3437 debemus
767 3368 935 3436 dubitare:
968 3368 1046 3456 qnia
1075 3379 1129 3433 est
1178 3344 1341 3435 mmm·

145 3460 451 3533 manifestissimum
481 3459 668 3526 mandatum
689 3455 774 3537 Dei,
800 3457 969 3541 pertinens
996 3456 1128 3522 univer·

63 3609 64 3613 ,
147 3549 265 3620 suiiter
285 3552 329 3617 ad
351 3567 480 3627 orrrnes,
502 3558 539 3611 ut
567 3545 739 3611 audiamus
760 3539 990 3629 Evatrgelium.
1034 3541 1127 3608 Abii·
1179 3562 1262 3648 Ubi
1309 3573 1372 3648 est
1407 3573 1678 3649 monstratum
1717 3566 1930 3658 discrimen
1968 3596 2167 3681 persona.

20 3706 25 3712 .
147 3638 287 3705 mendae
319 3655 401 3722 erga
432 3644 513 3699 suut
548 3633 631 3697 istae
665 3628 802 3696 Stoicae
834 3629 1026 3715 opiniones:
1059 3631 1128 3711 Epo

147 3730 267 3802 meto,
300 3743 345 3789 an
372 3725 435 3788 siro
460 3727 496 3786 tn
514 3720 642 3785 illorum
663 3735 815 3793 sturmo,
843 3735 923 3799 qnos
942 3714 1037 3816 Deus
1063 3719 1131 3818 eutr
1460 3713 1551 3768 mm
1588 3687 1630 3770 in
1667 3686 1880 3772 trinitate?

148 3817 297 3882 ronne:
325 3811 393 3887 Euo
413 3826 484 3873 sinn
504 3814 666 3889 peccator.
715 3802 934 3889 Nequaquam
960 3821 1012 3866 src
1039 3821 1127 3888 cogr-

148 3900 283 3964 tandom
306 3906 367 3962 est
422 3892 504 3958 Vult
537 3891 629 3957 Deus
663 3901 696 3955 te
729 3900 821 3954 certo
843 3899 1004 3968 statuere,
1036 3888 1129 3973 quod
1265 3882 1304 3948 lu
1324 3882 1496 3970 Baptismo
1519 3884 1660 3967 Christi,
1692 3899 1727 3953 ct
1747 3888 1781 3953 in
1803 3887 1970 3955 lohanne:
2003 3893 2043 3957 In
2068 3896 2165 3975 prin·

148 3983 276 4051 habeas
314 3981 543 4047 remissionem
582 3988 823 4063 peecatorum,
862 3976 911 4040 sis
946 3976 1128 4041 irrenrbrum
1179 3970 1264 4054 cipio
1291 3977 1365 4037 crat
1403 3975 1549 4040 ondam:
1591 3981 1624 4039 et
1663 3976 1792 4041 aerium
1830 3995 1909 4042 euro
1937 3983 2063 4063 suetum
2103 3987 2164 4044 est.

149 4068 337 4148 Ecclesiae,
364 4064 491 4132 habeas
514 4065 672 4151 Spiritum
692 4073 862 4137 sanctum:
891 4061 980 4146 sieut
1006 4062 1127 4147 inquit:
1183 4056 1280 4122 Pater
1313 4076 1380 4120 non
1414 4072 1467 4123 est
1493 4057 1602 4124 fuctus
1622 4080 1716 4134 earo,
1750 4064 1825 4127 dent
1845 4064 1925 4144 ditm
1946 4083 2078 4130 :taurea
2100 4070 2182 4130 aab

151 4159 276 4236 dianam
295 4160 400 4236 nane
410 4151 512 4219 Pater
528 4155 677 4218 caelestis
692 4149 781 4216 dabit
803 4150 961 4233 Spiritum
981 4155 1130 4214 aaronem
1182 4145 1422 4235 :montlenclrm
1467 4147 1520 4211 Do
1540 4166 1608 4211 nm:
1626 4143 1779 4211 Christus
1801 4153 1872 4214 atro
1892 4160 1974 4232 sapt,
2007 4149 2096 4236 quod
2120 4149 2166 4216 sit

191 4244 341 4310 tetttihrs.
401 4240 459 4305 Sic
482 4237 608 4317 David,
639 4256 839 4322 quamquam
874 4231 990 4319 lapsus
1023 4234 1130 4300 horri-
1182 4228 1338 4307 hlessiss,
1360 4234 1406 4296 ria
1427 4233 1558 4297 werdo:
1579 4240 1629 4298 ste
1646 4252 1710 4314 aar
1730 4238 1794 4300 toti.
1833 4233 2004 4322 Cogitant:
2030 4235 2165 4316 iliccre,

174 4329 272 4408 iliter,
294 4341 405 4394 tamen
425 4327 521 4414 erigit
542 4320 891 4409 sevaeel’rophetae,
914 4341 989 4385 eum
1008 4320 1130 4405 inquit:
1183 4317 1273 4405 quod
1306 4313 1361 4382 ille
1392 4315 1492 4382 homo
1526 4317 1684 4397 risibilis,
1717 4321 1761 4384 sit
1788 4341 1889 4385 unum
1922 4342 1997 4387 cum
2024 4334 2165 4388 aeterno

148 4415 313 4484 Daranissa
344 4413 481 4480 ahaimt't
505 4418 675 4497 peecatum
707 4416 805 4476 teum.
859 4406 966 4473 Etiam
999 4420 1130 4493 postea,
1183 4417 1290 4490 quoue,
1322 4414 1375 4468 est
1408 4424 1537 4468 suntme
1560 4403 1778 4489 blasphemia.
1805 4406 1915 4472 -Sicut
1930 4406 2040 4473 adhuc
2061 4405 2165 4474 hodia

150 4523 226 4571 eum
250 4503 308 4568 dat
328 4519 457 4586 poenas
474 4510 513 4580 ⁴et
535 4493 755 4575 horribiliter,
784 4496 831 4560 ita
853 4507 888 4561 ut
908 4513 975 4558 iton
1000 4495 1132 4579 possint
1184 4489 1406 4576 imaginantur
1433 4490 1563 4571 ludaei,
1596 4489 1704 4559 Deum
1738 4488 1963 4558 essentialiter
1990 4513 2069 4559 esse
2091 4506 2166 4559 tan·

73 4656 76 4660 .
150 4585 338 4658 mesaliae
361 4587 545 4664 tristiores,
576 4586 621 4650 de
652 4585 769 4650 inter
794 4585 849 4650 tite
866 4576 1133 4648 consolationem
1184 4589 1268 4665 tum¹
1283 4597 1383 4642 unam
1415 4595 1605 4662 personam.
1660 4583 1713 4646 Da
1743 4582 1845 4646 halen
1877 4586 1927 4645 rte
1953 4588 2014 4646 mit
2034 4581 2163 4648 :trinea
2247 4648 2252 4656 ,

147 4682 211 4761 sar
230 4696 347 4760 amen,
367 4676 422 4740 dte
440 4672 497 4740 tte
515 4673 637 4739 scebet:
658 4667 765 4738 Nemo
784 4674 903 4754 raptet.
1182 4668 1406 4748 mommsen,
1438 4674 1471 4729 ct
1503 4665 1618 4730 alienat
1647 4665 1737 4732 hane
1757 4685 1836 4751 csse
1867 4684 2037 4732 caussam:
2071 4669 2166 4734 noca

1184 4757 1217 4817 te
1238 4752 1366 4816 Darem·
1405 4746 1481 4834 lpse
1508 4751 1646 4836 opponit
1678 4762 1817 4855 textum:
1854 4754 1973 4856 lamen
1989 4755 2166 4858 biriptsrra

391 4903 471 4988 De
510 4900 704 4986 tertio
747 4898 890 4984 loco.
1184 4843 1397 5003 millii
1416 4842 1647 4991 mallia
1664 4835 2167 5012 lbsisllg'lnliiilltminlolill'rl

1184 5020 1363 5093 sumptum.
1431 5009 1595 5078 Divinitas
1643 5012 1742 5078 edam
1784 5012 1905 5079 dicitur
1936 5009 2090 5098 habitare
2130 5016 2168 5078 in

239 5109 322 5174 hort
338 5107 420 5174 eard
438 5107 504 5174 dett
524 5101 645 5191 :prurit
671 5104 754 5170 arrrd
775 5098 858 5170 aab
883 5099 1011 5185 besam
1032 5116 1135 5184 seen:
1184 5093 1299 5165 Paulo.
