4620 5588
134 224 204 295 aaa
831 228 1053 298 rosrnaa
1073 185 1473 300 umanruoumm.
1976 226 1980 235 ’
2074 232 2158 307 ‚aar
2245 256 2252 265 κ

141 439 259 508 genus.
315 419 414 504 Apud
452 417 604 486 Plautum
644 422 749 508 inquit
780 419 922 488 honesta
953 431 1123 489 matronae
1173 432 1317 572 pestate,
1352 422 1393 487 de
1415 422 1538 487 vestris
1560 421 1697 503 studiis,
1731 419 1801 489 vult
1824 423 1920 490 vobis
1940 427 2101 512 prospici,
2123 436 2157 493 at

140 507 327 574 llcretrieer
361 514 428 571 torn
457 510 594 590 pulchre
625 520 704 575 runt
732 510 818 576 inter
839 529 916 576 rere
937 510 1122 593 conandae,
1204 504 1363 573 eclesiae:
1386 511 1435 574 Er
1450 516 1526 590 soqt
1542 511 1632 575 aaut
1649 529 1708 576 oon
1726 528 1866 592 qrosren
1885 531 2039 578 mannen
2078 511 2156 578 Non

139 599 262 660 atdtorn
283 612 343 660 noa
363 601 531 659 modom
548 600 735 678 faceremus
755 601 922 664 similiter!
946 594 1023 663 Non
1044 617 1122 680 pro·
1174 595 1321 660 nominat
1343 595 1510 681 myriades
1533 606 1567 660 et
1589 606 1729 661 centena
1751 593 1866 676 millia,
1889 596 2156 684 sicutllarpalus

164 690 258 744 terea
297 678 434 745 laudant
473 694 646 765 quaestum
679 683 913 748 meretricium.
967 680 1122 748 Christus
1173 679 1278 747 multa
1299 678 1398 746 millia
1420 677 1617 746 talentorum
1632 681 1761 748 furatus
1784 695 1838 748 est
1859 684 1892 747 in
1914 681 1992 750 aula
2013 681 2155 751 Alexan·

139 701 205 832 loc
234 763 305 831 vult
338 767 464 832 dicero:
497 766 657 832 Homines
692 766 861 835 collocant
891 770 1066 855 pecuniam
1088 770 1122 836 in
1174 767 1225 832 dri
1246 766 1371 854 Magni.
1417 766 1485 832 lste
1507 766 1733 847 oeconomus,
1755 780 1912 853 respectu
1931 768 2081 856 Harpali,
2103 782 2156 838 est

141 853 297 937 aucupia,
330 854 364 919 id
396 863 466 932 est,
499 850 669 919 collocant
696 875 758 921 sua
787 855 949 921 beneficia
972 856 1014 920 ad
1038 854 1122 922 lucri
1145 882 1150 948 q
1174 850 1229 917 lor
1250 856 1359 919 tenuis
1382 865 1413 933 et
1435 874 1499 936 pau
1526 873 1576 918 er:
1611 853 1745 942 Cogitat
1765 852 1904 934 saltem,
1928 869 1963 921 ut
1984 870 2155 945 receptum

142 943 375 1023 captationem.
421 939 469 1005 lta
504 960 566 1006 vos
600 963 734 1030 quoque
767 939 947 1011 collocate:
978 939 1121 1020 seilicet,
1146 981 1150 1004 1
1174 939 1299 1004 habeat
1319 952 1352 1004 et
1374 876 1574 1025 tuguriolum
1597 937 1742 1025 aliquod,
1774 945 1965 1024 eructuaret
1987 951 2083 1009 anter
2104 947 2157 1011 dia
2225 984 2229 999 ι

142 1035 235 1091 certo
258 1027 357 1090 modo
379 1040 413 1092 et
435 1039 527 1092 carto
547 1029 682 1094 ordine:
716 1029 856 1108 Curate,
890 1037 926 1093 ut
947 1024 1122 1093 collocatis
1147 1088 1150 1133 Ι
1170 1032 1326 1108 pertnqen
1347 1028 1447 1108 diedo,
1470 1027 1512 1090 de
1534 1027 1655 1112 quibus
1671 1027 1704 1091 in
1728 1025 1912 1093 Proverbio
1934 1029 2067 1094 dicitur=
2096 1035 2155 1097 Mt·

140 1113 313 1195 pccunianr
347 1113 379 1176 in
413 1134 493 1190 eos,
525 1115 580 1199 qui
616 1116 713 1180 vobis
746 1117 877 1200 possint
912 1113 1121 1181 benefacere.
1147 1142 1150 1171 ι
1173 1132 1272 1178 norea
1290 1113 1385 1190 farer
1403 1120 1480 1178 arent
1496 1113 1532 1178 in
1550 1116 1752 1196 compedibus
1780 1121 1924 1199 serrem
1955 1119 2017 1182 red
2046 1119 2158 1200 maqoi

227 1196 295 1261 lam
318 1201 530 1286 cogitandum
553 1213 616 1280 est,
640 1203 806 1288 quomodo
835 1221 1001 1288 pauperes
1024 1199 1122 1265 sebo·
1146 1188 1150 1287 j
1171 1204 1268 1282 litter
1303 1207 1376 1265 rant
1397 1200 1432 1264 in
1456 1201 1621 1281 torquibus
1642 1207 1760 1265 aurete.
1804 1201 1914 1286 Saepe
1935 1202 1982 1266 ita
2004 1200 2059 1281 fit,
2087 1224 2155 1269 noo

140 1280 262 1361 lastici,
284 1287 410 1365 studia,
442 1286 672 1367 ministerium,
704 1289 832 1374 possint
859 1287 1004 1352 vicissim
1022 1289 1122 1353 bene·
1174 1285 1263 1371 quod
1286 1304 1419 1370 semper
1439 1286 1485 1350 ita
1508 1285 1575 1349 liat.
1621 1283 1704 1350 lllud
1727 1284 1852 1351 dictum
1874 1306 1941 1352 nou
1964 1297 2017 1353 est
2034 1309 2155 1356 vanum

140 1366 255 1434 lacere
267 1369 415 1454 imperiis
429 1385 461 1437 et
472 1372 638 1439 divitibus.
674 1371 833 1440 Haecest
853 1373 1121 1457 sapientialideir
1174 1371 1320 1452 omnino,
1337 1379 1455 1457 ταμίαι,
1478 1375 1594 1452 λαμίαι.
1621 1370 1681 1437 Est
1704 1369 1842 1458 elegans
1866 1383 1900 1439 et
1921 1376 2156 1441 venustissima

141 1456 217 1541 quia
250 1459 468 1524 concionatur
490 1458 566 1538 bic,
594 1480 660 1527 non
684 1462 726 1527 da
748 1458 831 1526 solis
853 1461 1028 1546 operibus,
1059 1460 1121 1525 sed
1172 1458 1418 1542 paronomasia,
1443 1455 1560 1545 quales
1582 1470 1661 1523 sunt
1682 1461 1770 1544 apud
1793 1459 2052 1546 Aristophanem
2074 1459 2155 1527 mal·

38 1590 44 1603 .
139 1540 244 1607 multo
278 1546 384 1630 magis
413 1547 456 1610 de
490 1544 566 1610 lide.
611 1546 657 1614 Er
678 1551 814 1614 rnacden
836 1549 951 1615 etlicbe
971 1549 1024 1612 ein
1042 1566 1123 1630 qror
1173 1555 1238 1609 tae.
1283 1544 1492 1618 Quaestores
1525 1558 1603 1610 sunt
1631 1556 1786 1632 stryges,
1819 1565 1942 1628 aarum
1964 1549 2018 1613 dte
2039 1567 2156 1616 omnen

136 1631 304 1714 percdrey.
349 1633 439 1699 Nila'i
457 1636 511 1699 btc
531 1635 651 1700 dieitur
672 1637 714 1700 de
732 1638 808 1716 fida,
828 1637 889 1702 red
907 1637 949 1701 de
970 1636 1122 1718 opertus
1146 1682 1149 1713 ,
1171 1635 1239 1697 lead
1260 1651 1340 1698 otu:
1366 1633 1418 1698 dte
1445 1644 1643 1717 quaestores
1670 1635 1801 1698 werden
1828 1635 1935 1713 reicit,
1966 1637 2021 1700 dte
2040 1633 2156 1701 Herm

138 1720 281 1781 unam:
312 1720 398 1799 Erpa
430 1739 532 1803 opero
559 1728 637 1786 nant
653 1728 808 1788 modurn.
852 1720 983 1785 liabent
1006 1741 1121 1806 opera,
1146 1728 1149 1809 J
1172 1736 1253 1785 orm.
1297 1716 1375 1782 Nou
1398 1717 1491 1797 dico,
1510 1717 1601 1805 quod
1623 1737 1740 1784 omnes
1761 1719 1830 1783 sint
1852 1715 1955 1800 tales,
1978 1721 2038 1786 sed
2061 1718 2156 1787 multi

140 1797 267 1866 scilicet
294 1801 439 1869 bdelium
473 1827 535 1870 sua
556 1809 721 1892 praemia3
754 1809 831 1894 quia
854 1805 947 1873 Deus
976 1807 1123 1892 ingentia
1146 1832 1149 1877 2
1172 1814 1283 1870 tamen
1306 1800 1392 1870 tales
1414 1817 1503 1870 sunt.
1546 1803 1843 1873 Proverbiafacta
1869 1817 1989 1872 sunta
2011 1827 2155 1875 continu·

138 1888 284 2038 §mentia
319 1890 376 1955 dat
397 1892 543 1956 vicissim
566 1912 628 1977 pro
652 1894 805 1960 omnibus
834 1895 930 1959 bonis
952 1895 1121 1977 operibus.
1146 1952 1149 1992 Ι
1173 1891 1271 1956 nibus
1294 1891 1481 1969 eventibus,
1505 1887 1558 1957 vel
1582 1893 1624 1956 ab
1645 1888 1724 1972 illis,
1745 1910 1834 1979 quae
1849 1893 1968 1958 crebro
1986 1895 2153 1959 accidunt.

170 1992 215 2038 on
233 1974 321 2055 dico,
345 1980 433 2062 quod
456 1975 557 2044 saciat
584 1981 887 2066 compensationem
909 1980 953 2045 ad
975 1974 1121 2067 aequali·
1146 2046 1149 2055 ἢ
1172 1976 1296 2044 Dierer
1321 1980 1381 2043 dot
1402 1982 1548 2060 pertolen
1568 1977 1612 2041 att
1640 1998 1743 2045 coros
1772 1977 1889 2057 tritici,
1921 1989 1956 2043 ct
1982 1978 2026 2042 50
2055 1981 2154 2044 batos

139 2070 250 2125 tatem.
294 2062 372 2146 lpse
394 2075 448 2130 est
469 2061 622 2150 locuples
639 2065 889 2147 Arithmeticus,
912 2078 946 2132 et
966 2063 1122 2153 locuples
1146 2062 1149 2127 ζ
1172 2060 1248 2129 olel.
1294 2061 1405 2127 Coros
1428 2085 1514 2130 unus
1537 2076 1616 2129 sunt
1638 2065 1753 2130 decem
1771 2065 1924 2130 medimni
1948 2065 2060 2132 Attici.

138 2147 333 2228 retributor,
366 2163 399 2216 et
421 2163 562 2218 coronat
584 2153 672 2220 dona
694 2173 756 2220 sua
777 2155 811 2220 in
839 2155 955 2233 nobis,
990 2165 1023 2219 et
1045 2150 1121 2239 plus
1146 2144 1149 2165 ¹

139 2232 207 2312 dat,
229 2254 328 2321 quarn
350 2240 468 2304 mereri
491 2251 608 2304 nostra
630 2260 732 2323 opera
748 2251 899 2325 possunt.
928 2241 993 2307 Sed
1006 2242 1120 2305 omitto

137 2315 215 2383 illas
238 2319 483 2391 cavillationes:
505 2323 570 2389 Dio
593 2327 806 2412 praecipuam
827 2326 997 2392 materiam
1022 2326 1120 2393 buius
1384 2374 1386 2378 ν
1415 2391 1422 2408 ,
1486 2391 1494 2408 ,
1684 2391 1692 2408 ,
1873 2391 1881 2408 ,

100 2485 104 2496 Ι
138 2402 339 2487 collationis,
358 2429 436 2477 csse
458 2409 681 2478 laudationem
704 2411 937 2479 collocationis
958 2415 1121 2499 pecuniae
1369 2387 1440 2455 ΨΜ
1461 2394 1524 2455 ⁰⁸²¹
1543 2396 1588 2456 ’θ’
1607 2391 1791 2455 m⁰d¹¹¹¹¹¹¹¹⁸
1813 2389 1971 2456 All¹⁰¹¹⁸l

137 2492 172 2557 ln
194 2513 275 2574 eos,
307 2497 362 2582 qui
384 2496 584 2566 benefacere
606 2512 760 2584 possunt,
795 2495 951 2566 videlicet
972 2500 1006 2564 in
1028 2500 1121 2565 mini·

138 2591 244 2661 stros,
266 2583 299 2647 in
321 2605 488 2670 pauperes
511 2584 748 2666 scholasticos,
770 2587 803 2652 in
826 2582 976 2664 scholas,
994 2587 1027 2653 in
1051 2599 1120 2652 stu·
1258 2598 1321 2663 Etn
1342 2599 1506 2681 apsqu
1525 2597 1678 2678 rcdeffel,
1711 2597 1773 2680 dep
1801 2615 1864 2662 una
1895 2598 2001 2662 oldier
2021 2598 2068 2664 iat
2083 2603 2156 2681 fact

139 2665 211 2745 dia,
244 2679 277 2733 et
310 2671 343 2734 in
377 2674 666 2738 conservationem
700 2673 884 2753 ministerii,
918 2673 981 2740 dor
1002 2680 1046 2741 ist
1066 2673 1121 2741 dle
1170 2680 1358 2765 sacbeffel.
1402 2685 1476 2750 Nun
1500 2684 1634 2749 reclinet
1654 2683 1718 2748 den
1735 2683 1944 2767 mideber
1964 2685 2100 2767 acdeffel
2119 2690 2155 2750 tn

138 2770 267 2823 somma
289 2752 490 2825 colbrtionis.
522 2760 600 2826 Non
620 2763 728 2828 rteolrt
745 2766 809 2828 otei
827 2762 1005 2828 duramen:
1027 2780 1121 2828 vum
1168 2789 1347 2854 pemepnen
1375 2776 1468 2835 taren
1490 2788 1531 2834 su
1560 2769 1677 2835 balden
1704 2769 1850 2846 tlrooern,
1884 2788 1922 2834 ro
1951 2774 2083 2837 mordeo
2104 2774 2154 2837 20

137 2845 189 2909 lad
220 2846 302 2912 rede
325 2845 368 2911 dc
394 2847 576 2914 ministerio
604 2857 639 2914 et
669 2848 711 2915 dc
746 2847 920 2914 beneficiis
949 2867 1033 2934 erga
1063 2847 1120 2914 ml·
1172 2853 1262 2924 corii
1288 2861 1356 2923 100
1377 2858 1491 2922 rader.
1525 2857 1641 2922 laum
1656 2858 1718 2937 pru
1736 2856 1798 2938 deq
1817 2874 1881 2922 um
1902 2861 1954 2920 ean
1974 2859 2154 2939 sempera

137 2928 322 3012 llsslffl‘ums
343 2953 417 3002 mut
436 2937 489 3002 ἰώ
502 2943 544 3020 je
565 2937 664 3002 redet
686 2934 729 3003 (lc
750 2935 828 3003 fille·
1168 2946 1337 3026 proseden-
1381 2940 1417 3007 ld
1441 2940 1477 3006 tit
1498 2953 1635 3027 propter
1657 2938 1798 3026 bellum;
1827 2952 1861 3006 et
1893 2942 1970 3028 quia
2003 2963 2070 3009 nou
2094 2942 2154 3007 l'uit

225 3013 361 3101 Videte,
393 3024 471 3108 quid
495 3026 552 3089 tiat
574 3025 616 3091 dc
639 3023 851 3105 ordinandis,
884 3023 1028 3111 quibua
1050 3020 1121 3087 mit·
1171 3031 1338 3096 uberrima
1358 3029 1491 3093 messis.

137 3113 261 3173 matur.
305 3107 346 3173 lli
369 3121 463 3175 erant
485 3109 655 3177 erudiendi
684 3123 717 3178 et
745 3111 937 3178 instituendi
970 3130 1033 3195 per
1064 3105 1122 3173 ali·
1258 3114 1366 3184 Batus
1388 3117 1474 3182 laetu
1492 3120 1544 3181 cta
1565 3114 1679 3180 dalber
1702 3114 1832 3197 Ermer.
1877 3110 2019 3201 dpqopa,
2053 3112 2155 3180 babet

139 3193 228 3279 quod
250 3204 400 3280 tamqusr
429 3209 660 3284 et.propterea
681 3196 906 3286 Episcopatus
927 3196 1018 3262 initio
1042 3213 1121 3262 con·
1171 3222 1293 3268 nomen
1315 3222 1337 3268 a
1358 3200 1572 3280 rotunditate,
1595 3201 1638 3266 ab
1660 3197 1754 3285 ἀμφὶ,
1775 3197 1830 3265 vel
1851 3197 1917 3266 dra,
1961 3204 2009 3269 62
2025 3203 2155 3267 donner

138 3279 245 3346 stituti
276 3293 372 3362 sunt;
416 3285 494 3374 qula
531 3285 695 3352 ordinatio
735 3283 796 3352 l‘uit
829 3280 1002 3374 singulare
1036 3300 1122 3368 opus
1172 3291 1306 3356 maedan
1323 3291 1430 3356 atdter
1452 3290 1512 3372 dep
1532 3307 1595 3353 rora
1617 3288 1671 3353 ein
1692 3289 1811 3372 Eyrner
1830 3285 2043 3371 unpesarttob.
2081 3285 2154 3352 Plc-

137 3360 391 3456 Episcoporum.
436 3371 504 3436 Sed
531 3370 608 3439 illae
640 3372 794 3459 ingentes
826 3392 910 3457 opes
943 3370 1122 3437 attributae
1171 3394 1312 3464 rumque
1324 3384 1460 3440 manent
1477 3375 1629 3460 pondera
1650 3384 1684 3436 et
1705 3392 1892 3458 mensurae,
1915 3375 1978 3439 etsi
1989 3373 2154 3440 interdurn

138 3451 389 3535 Ecclesiis‚iant
411 3459 617 3526 devorantur
638 3479 699 3526 oon
721 3461 784 3528 den
804 3465 970 3546 tmfletern,
989 3457 1044 3544 qui
1064 3477 1121 3523 vo·
1172 3472 1340 3528 mutantur
1378 3472 1516 3548 propter
1548 3459 1718 3525 avaritiam
1753 3461 2024 3546 gubernatorum.
2078 3463 2155 3526 Mon

139 3553 255 3610 cantur
276 3544 445 3634 Episcopi,
478 3569 552 3614 cum
574 3547 687 3634 patius
708 3546 776 3612 sint
796 3545 954 3633 Tyranni,
976 3546 1047 3612 und
1064 3563 1121 3610 dn·
1172 3551 1309 3617 readnet
1326 3549 1420 3614 einen
1448 3545 1563 3614 doiben
1585 3565 1699 3630 eumer
1719 3549 1787 3613 oter
1807 3548 1879 3612 und
1899 3553 1920 3612 5
1942 3547 2062 3613 oderd
2085 3546 2155 3612 tda·

138 3638 232 3700 adse
252 3636 486 3719 rnmdweiqer
501 3638 562 3701 der
577 3636 823 3717 dircitenther.
867 3630 935 3698 lam
958 3630 1121 3696 ordinatio
1171 3641 1232 3703 ier·
1266 3633 1404 3701 Summa
1426 3632 1470 3698 50
1491 3634 1643 3700 batorum
1666 3631 1729 3696 erit
1745 3632 1788 3697 ad
1809 3633 1976 3698 minimum
1997 3636 2069 3699 500
2085 3633 2155 3698 tto

76 3728 79 3733 ‘
139 3717 172 3784 ln
194 3725 258 3785 boa
281 3721 405 3786 incidit.
450 3720 523 3789 Nos
544 3730 711 3805 sumptum
732 3720 832 3785 istum
855 3739 923 3785 nou
941 3735 1121 3804 possumus
1171 3724 1231 3789 lar.
1285 3716 1321 3785 ld
1351 3720 1480 3787 abrasit
1506 3730 1540 3784 et
1567 3716 1656 3785 dedit
1685 3712 1769 3796 illis,
1804 3718 1974 3804 aquibus
2005 3717 2154 3783 vicissim

140 3806 318 3873 sustinere.
362 3806 509 3875 Veniunt
524 3808 676 3895 plerique
698 3804 871 3871 ordinandi
893 3805 966 3870 sine
989 3805 1121 3882 viatico,
1143 3828 1149 3926 J
1171 3805 1313 3874 baberet
1355 3804 1528 3873 beneficia.
1588 3801 1650 3869 llla
1695 3803 1746 3869 sic
1788 3804 2018 3871 accommodat
2059 3801 2156 3898 Obri-

141 3906 173 3960 ct
193 3895 331 3962 veniunt
351 3895 531 3961 admodum
552 3896 666 3962 rudes.
1173 3904 1268 3972 stus3
1301 3895 1348 3960 ita
1369 3913 1433 3958 vos
1456 3910 1589 3980 quoque
1609 3889 1725 3964 facite,
1758 3889 1832 3955 sitis
1851 3887 2026 3976 diligentes
2048 3890 2081 3954 iu
2102 3908 2155 3957 rc·

141 4008 145 4015 ·
225 3976 336 4047 Etiam
356 3982 464 4046 nostri
480 3979 633 4048 homines
655 4001 720 4047 non
744 3973 1012 4046 afficiunturbac
1027 3996 1122 4042 curat
1173 3982 1236 4049 bus
1259 3981 1451 4046 maioribus.
1495 3983 1572 4046 Man
1600 3984 1704 4060 rumpe
1729 3982 1790 4060 offe
1822 3973 2052 4042 similitudines
2079 3975 2154 4040 her·

141 4079 173 4133 et
193 4064 349 4154 profacto
381 4068 448 4134 boc
480 4079 532 4133 est
563 4090 719 4155 magnum
751 4077 937 4151 peccatam
953 4062 1043 4149 apod
1063 4082 1122 4127 no·
1172 4069 1301 4146 barum,
1323 4066 1547 4144 animantium,
1565 4065 1740 4140 bonorum,
1761 4059 1924 4129 malorum
1942 4081 2075 4149 quoqne
2096 4059 2156 4127 bo·

142 4163 243 4234 stros,
266 4152 322 4242 qui
340 4150 525 4240 gloriantur
547 4175 586 4220 se
608 4153 733 4221 babere
752 4152 937 4219 doctrinam
948 4144 1122 4238 Evangelii
1172 4155 1305 4221 minum.
1339 4153 1408 4220 Sed
1430 4147 1536 4218 simile
1557 4169 1624 4215 non
1646 4160 1699 4213 est
1720 4148 1818 4214 idem.
1851 4144 1953 4215 Nulla
1974 4149 2155 4215 similitudo

142 4250 176 4305 ct
196 4241 369 4306 restitutas
391 4239 575 4306 Ecclesias.
620 4240 696 4307 Non
720 4239 861 4304 babetur
888 4237 972 4302 ratio
995 4236 1122 4303 studio·
1172 4242 1277 4308 currit
1298 4250 1439 4327 quatuor
1456 4237 1616 4325 pedibus,
1639 4254 1772 4320 semper
1793 4235 1827 4299 in
1847 4247 2046 4322 argumento
2068 4254 2090 4301 a
2110 4234 2155 4300 si·

141 4347 226 4406 rum,
247 4346 315 4392 non
338 4328 537 4407 examinum,
559 4349 625 4393 non
647 4326 865 4413 inspectionis
881 4321 1123 4402 Ecclesiarum,
1171 4325 1240 4393 mili
1273 4338 1325 4392 est
1359 4323 1471 4412 aliqua
1503 4318 1747 4389 dissimilitudo.
1791 4321 1859 4387 Sed
1888 4321 2067 4388 videndum
2089 4333 2155 4400 est,

141 4432 207 4480 uon
229 4409 424 4500 disciplinae
450 4411 725 4480 Ecclesiasticae:
756 4413 883 4479 interea
917 4411 1058 4478 rcdreiet
1079 4409 1121 4475 ir·
1171 4414 1295 4501 inqua
1327 4423 1423 4498 parte
1455 4408 1513 4475 fiat
1547 4402 1695 4474 collatio.
1741 4411 1810 4475 Dor
1830 4427 1910 4492 rape
1928 4410 1980 4475 ted
2001 4410 2075 4475 urob
2096 4409 2156 4473 der

137 4507 217 4583 reru
249 4503 343 4568 einer
375 4519 445 4566 corr
471 4499 642 4584 (barrad,
674 4500 743 4567 und
774 4501 906 4567 roirben
931 4498 1123 4565 nemfaclten
1143 4508 1151 4621 ἰ
1172 4497 1359 4568 audantes
1380 4496 1547 4564 obiectiou
1568 4498 1692 4562 orden:

141 4587 276 4670 diadem
309 4584 422 4652 colant
457 4583 609 4667 culicem,
641 4600 674 4653 et
694 4588 860 4655 devorant
883 4579 1041 4651 camelos.
1086 4580 1122 4646 ln

142 4675 243 4740 rebus
275 4675 495 4754 neomaenia,
527 4689 560 4739 et
591 4674 634 4740 ad
657 4670 833 4739 Ecclesiae
860 4669 1123 4737 aedificationem
1302 4671 1361 4742 lite
1383 4666 1581 4735 Oeconomua
1597 4663 1667 4751 tuit
1683 4668 1760 4750 tur:

141 4760 391 4845 pertinentibus,
404 4765 461 4827 ard
472 4763 628 4828 memrrnd
636 4763 690 4826 dte
706 4761 811 4826 dende
828 4762 970 4841 animan.
993 4754 1125 4821 Deinde
1304 4755 1455 4824 canens
1475 4755 1593 4821 lotadot
1614 4755 1703 4820 itiam
1724 4771 1943 4820 oeconmnacn:

142 4843 319 4933 sialiqnid
347 4846 507 4932 petimus,
537 4847 648 4912 dicunt
680 4866 744 4911 nos
778 4845 944 4934 quaerere
974 4840 1153 4927 imperita·
1304 4841 1393 4929 Erqo
1414 4841 1532 4910 loadtd
1545 4835 1683 4934 fartura-
2148 4930 2151 4935 ,

140 4929 301 5020 politiam,
318 4950 417 5020 opes:
438 4936 529 5001 Ader
546 4952 639 5001 werin
655 4939 704 5000 rie
720 4934 903 5017 dmroqen,
924 4929 1013 5017 quod
1027 4945 1124 5016 quae
2146 5014 2151 5021 Ι

141 5014 255 5091 manus
276 5017 441 5106 imperia,
461 5036 499 5089 ao
516 5022 596 5088 dun
617 5027 665 5088 ate
684 5041 747 5087 ana
767 5014 911 5103 uuerde,
932 5018 1003 5085 acad
1020 5017 1125 5100 denen
1259 5012 1475 5104 despondeo.
1508 5011 1663 5081 cbristus
1685 5007 2156 5099 adornamentorum

141 5124 206 5179 atu
222 5125 278 5180 nn,
301 5111 353 5175 als
371 5098 518 5189 unt'rewe
529 5102 660 5191 soboba
680 5107 755 5177 leot.
1175 5102 1331 5190 speclari.
1376 5099 1489 5169 Utitur
1516 5097 1745 5166 similitudine:
1778 5110 1811 5163 et
1832 5097 1867 5161 in
1889 5091 1987 5162 simili
2009 5116 2077 5161 nou
2097 5098 2155 5171 aa:

179 5192 183 5199 '
228 5189 285 5259 Dc
303 5190 358 5260 aa
378 5194 482 5262 rebus
503 5190 650 5280 loquitur
658 5188 827 5272 Christus,
848 5188 892 5258 da
911 5195 1027 5259 vestra
1042 5202 1126 5274 pau
1176 5208 1276 5257 coare
1296 5200 1349 5255 est
1371 5188 1482 5274 omnia
1503 5185 1698 5256 convenires
1730 5181 1802 5265 vel,
1824 5183 1854 5249 si
1875 5202 1942 5249 oon
1964 5178 2076 5268 placa
2095 5200 2141 5247 ao
