4688 5594
66 3528 69 3533 .
170 3454 262 3522 circa
282 3452 349 3521 hoc
376 3467 441 3522 tem

159 234 234 304 wa
352 270 354 276 -
776 236 922 306 ‘eum
944 236 1048 330 aaa.
1070 234 1258 305 scatere
1282 234 1548 303 execrata.
1748 210 1754 297 ζ
2011 268 2015 274 -
2123 238 2190 306 aas
2289 190 2293 197 ²

170 428 342 507 troclniis,
375 440 413 493 ut
445 424 524 494 sub'
544 428 743 496 Aristobulo
782 438 816 494 et
843 427 998 493 llircano¹
1028 418 1154 493 iactam
1185 428 1382 513 'praecipua
1414 440 1487 506 est,
1511 429 1603 512 quoti
1633 425 1837 494 horribiliter
1869 440 2033 514 rogemur
2060 426 2191 513 poenae

82 551 87 564 -
169 526 234 581 cst.
264 514 342 580 ldeo
364 512 455 578 irrisit
475 516 644 599 potentius
661 515 704 580 im
729 516 831 580 eriam
844 513 1041 592 Romanum,
1063 514 1153 605 quod
1201 532 1264 597 per
1284 513 1455 593 mundum,
1471 532 1533 599 per
1549 525 1655 579 totum
1677 533 1785 601 genus
1807 513 1999 594 humanum,
2031 525 2065 580 et
2121 515 2189 580 uod

158 601 430 667 tsrtsanaonem
463 602 670 686 superiorem
702 537 853 667 Eabcret.
904 597 1060 666 Cirristus
1093 597 1155 665 i'uit
1202 602 1268 664 sint
1289 603 1558 686 megaaeminae
1575 601 1788 685 imperiorum
1801 535 2189 686 omnitustenporiius:

169 689 233 754 sub
267 684 464 753 defensione
487 686 725 769 Romanorum,
759 690 793 752 in
815 685 1037 772 capernaum.
1058 732 1062 738 -
1081 685 1153 751 Sub
1175 720 1181 813 Ι
1202 697 1236 753 et
1259 687 1349 771 quod
1372 696 1483 752 tarrren
1505 683 1600 754 Deus
1622 688 1685 752 sibi
1708 688 1794 752 inter
1815 684 1892 753 illas
1913 688 2029 755 ruinas
2051 685 2190 776 colligat

167 771 287 839 'furcis
309 775 424 840 durior
446 775 683 841 estscrvitusr
706 777 801 861 quia,
823 774 887 840 etsi
908 771 1154 859 relinquentia
1202 782 1237 838 et
1258 782 1371 838 servet
1392 784 1562 838 aeternam
1584 770 1784 839 Ecclesiam.
1828 773 1921 841 llaec
1948 786 2002 840 est
2024 775 2189 860 principa·

168 863 252 927 Asia
275 874 308 925 et
331 857 475 925 Graecia
496 858 669 926 Ecclesiae
691 874 724 928 et
745 859 843 925 αὐτονο
867 870 932 937 tor,
965 871 1075 925 tamen
1097 855 1154 923 illa
1174 819 1181 972 Ι
1202 854 1244 923 lis
1266 862 1406 924 materia
1427 859 1525 925 lraius
1549 860 1734 926 concionis.
1771 858 2038 927 commonefacit
2059 880 2124 926 nos
2146 861 2189 927 de

168 947 305 1013 miseria
326 947 472 1025 accedit,
507 949 597 1033 quod
624 945 752 1035 eligunt
775 967 816 1012 ex
839 944 1085 1012 honestissimis
1106 941 1153 1010 i'a·
1202 942 1282 1024 iiils,
1315 965 1401 1032 quae
1435 944 1518 1011 fiunt
1551 946 1584 1011 ln
1618 966 1743 1033 genere
1764 945 1921 1028 humano,
1957 967 2043 1034 quae
2064 944 2189 1013 multos

168 1030 268 1099 miliis
299 1033 457 1112 iuvenes,
491 1043 524 1099 et
556 1044 691 1099 utuntur
723 1032 789 1099 illis
822 1036 866 1100 ad
887 1032 1045 1098 militiam.
1091 1029 1153 1096 Est
1202 1043 1347 1111 nrovent,
1380 1043 1416 1097 ut
1437 1043 1553 1118 pateat
1570 1031 1637 1098 nihi
1661 1052 1739 1099 esse
1755 1031 1954 1115 Eselesiam,
1976 1033 2058 1099 nihil
2081 1033 2190 1119 provi-

169 1119 392 1208 significatum
421 1115 544 1206 aliquid
577 1121 619 1186 de
652 1121 795 1187 miseriis
825 1121 963 1186 extremi
992 1119 1151 1202 temporis
1203 1118 1364 1183 dentiam:
1388 1121 1469 1205 quia
1501 1131 1617 1205 putant
1638 1117 1731 1186 iesse
1757 1120 1857 1186 valde
1890 1122 2090 1199 absurdum,
2122 1131 2189 1187 tam

168 1209 202 1273 in
224 1218 315 1272 statu
336 1200 471 1291 politiae
498 1205 670 1273 Mosaioae
690 1221 770 1273 ante
791 1208 970 1273 adventurn
993 1203 1151 1270 Messiae.
1202 1225 1355 1290 magnam
1389 1218 1516 1289 partem
1548 1208 1685 1293 generis
1718 1204 1852 1304 humani
1884 1218 1953 1272 tam
1987 1204 2188 1273 horribiliter

168 1291 213 1359 Ut
246 1292 357 1359 ludaei
387 1305 468 1357 ttrnc
494 1292 628 1360 luerunt
656 1295 690 1359 in
719 1295 881 1360 servitute
902 1291 1068 1358 Romana:
1101 1292 1153 1356 sic
1201 1295 1319 1377 perire.
1366 1290 1507 1376 Oportet
1528 1306 1641 1360 autem
1663 1311 1727 1358 nos
1749 1312 1827 1359 esse
1849 1295 1936 1359 bene
1963 1295 2126 1371 munitos,
2151 1306 2188 1358 at

167 1380 235 1445 ista
274 1379 386 1445 mundi
424 1392 562 1446 senecta
602 1381 663 1446 erit
696 1381 730 1447 ia
759 1384 921 1447 servitute
958 1379 1151 1445 Turcarum.
1201 1389 1403 1458 statuamus,
1425 1380 1559 1465 quando
1589 1378 1671 1444 fiunt
1692 1376 1773 1444 talia
1795 1377 1992 1465 spectacula
2025 1381 2189 1445 ruentium

169 1463 433 1535 Graeci'l'urcas
457 1467 519 1550 ipsi
542 1465 765 1533 inGraeciam
786 1477 1010 1534 attraxerant:
1033 1475 1153 1551 postea
1201 1485 1312 1530 rerum
1340 1466 1374 1529 in
1408 1485 1532 1552 genere
1563 1464 1726 1542 humanat
1758 1478 1870 1532 tamen
1901 1466 2028 1532 interea
2060 1465 2187 1531 servari

66 1580 73 1606 ι
168 1549 297 1639 Uagori
332 1554 366 1617 in
400 1550 593 1640 Ungariam.
647 1553 706 1620 Sic
739 1553 904 1619 llircenus
944 1548 1022 1622 oiim
1054 1550 1154 1617 traxit
1202 1549 1402 1617 Ecclesiam.

168 1635 362 1724 Pompeium
384 1640 418 1703 ln
441 1640 609 1721 iudaeam,
641 1655 778 1726 propter
811 1638 1054 1706 dissensionem
1077 1659 1153 1702 cum
1292 1635 1439 1703 Pertinet
1459 1639 1560 1725 igitur
1581 1639 1667 1704 haec
1689 1639 1808 1705 concio
1830 1638 1874 1704 ad
1896 1634 2073 1704 articulum
2093 1636 2189 1703 iideie

169 1723 376 1792 Aristobulo.
1205 1723 1311 1787 &aaa
1344 1723 1519 1787 Ecclesiam
1553 1724 1762 1800 catholicon,
1808 1736 1840 1790 ct
1884 1726 1986 1790 credo
2017 1724 2107 1790 hanc
2128 1722 2189 1788 Ec·

249 1796 264 1823 ⁶
640 1864 649 1873 .
1204 1808 1341 1876 ciesiam
1392 1829 1471 1877 csse
1514 1812 1613 1877 istum
1660 1832 1800 1899 parvum
1845 1822 1999 1895 coetum,
2047 1811 2081 1875 in
2121 1829 2189 1896 quo

1203 1907 1302 1964 sonat
1346 1917 1412 1963 vox
1455 1895 1653 1986 Evangelii,
1708 1899 1764 1983 qui
1812 1916 1946 1983 sempor
2000 1907 2054 1963 est
2096 1914 2189 1980 sprc-

1203 1992 1270 2062 tus,
1315 1983 1555 2063 conculcatus,
1599 1983 1823 2063 miserabilis,
1856 2002 1926 2050 non
1965 1980 2189 2049 conterendas
2274 1994 2287 2005 ·

275 2118 498 2187 nn...
542 2120 583 2187 x·
628 2120 743 2189 ..a
785 2118 1041 2189 aaran·
1200 2065 2191 2244 {retractassent

1203 2243 1306 2331 petita
1338 2246 1372 2307 in
1395 2245 1580 2330 Scriptura.
1624 2244 1674 2309 lta
1706 2245 1794 2309 enim
1825 2245 1933 2331 inquit
1959 2243 2065 2308 Amos
2100 2248 2189 2326 [cap.

1138 2360 1143 2367 ·
1202 2327 1297 2410 albia
1331 2328 1416 2392 Eece
1447 2331 1533 2393 amali
1559 2330 1691 2396 Domini
1722 2351 1816 2412 reaper
1836 2350 1964 2414 repetam
1990 2348 2138 2411 peccans,
2160 2333 2192 2388 et

170 2449 215 2514 a
236 2473 303 2514 a»
325 2454 605 2536 annno
951 2452 1040 2533 aa
1060 2470 1155 2533 ro
1202 2415 2192 2579 ttt⁰⁹rf...m

159 2552 170 2575 ⁴
566 2536 672 2618 ‘uam’
689 2550 754 2605 Μ’
1204 2611 1335 2673 pronam
1378 2611 1441 2652 non
1488 2551 1583 2654 caulei
1626 2595 1660 2653 ia
1693 2599 1818 2655 terram.
1875 2589 1995 2654 Gladio
2024 2546 2193 2651 mortaniam

399 2274 669 2369 Evangelium
697 2276 835 2345 Lucae
863 2278 922 2344 19.

162 2812 165 2817 .
262 2735 399 2840 Quare
430 2737 507 2820 ista
538 2736 706 2820 hismrie
735 2737 817 2820 iam
848 2733 1064 2821 recitaturi
1205 2679 1660 2844 fflffissfwisio'ieiia
1669 2686 1737 2829 ‘isi
1756 2678 2193 2831 {immisionem}

164 2876 204 2919 .’
1207 2871 1297 2916 ιιιιιιι.
1344 2849 1486 2932 Repnum
1503 2872 1655 2934 peccans,
1688 2852 1722 2917 id
1744 2863 1808 2931 est,
1829 2871 1969 2937 regnum
1990 2851 2193 2926 damnatum,

258 2935 331 3002 Etsi
347 2956 415 3003 non
428 2954 561 3023 semper
584 2937 795 3023 quaerendae
806 2947 885 3002 sunt
903 2955 1057 3015 caussae,
1078 2957 1155 3022 pro·
1206 2937 1386 3016 abiectum,
1407 2957 1499 3003 reum
1512 2949 1714 3017 conteretur,
1737 2933 1903 3004 delebitur
1923 2957 1946 3001 a
1961 2932 2048 3003 facie
2070 2947 2193 3001 terrae.

193 3035 244 3089 ter
271 3042 356 3108 quas
390 3023 576 3090 distributio
607 3020 788 3089 lectionum
808 3021 1089 3111 Evangeiicarum
1108 3022 1157 3088 ita
1205 3022 1263 3084 lob
1279 3023 1349 3084 niis
1369 3023 1490 3106 branca
1515 3045 1645 3087 roman
1704 3023 1773 3089 Sed
1795 3024 1917 3086 dommo
1939 3022 2048 3100 iacob,
2070 3021 2105 3087 id
2127 3032 2193 3100 cst,

167 3045 241 3175 ista
262 3108 409 3175 instituta
428 3111 484 3175 sit:
512 3122 624 3176 tamen
645 3111 809 3176 interdum
834 3108 970 3178 inerunt
999 3130 1154 3190 caussae,
1205 3107 1393 3176 Ecclesiam
1411 3131 1479 3176 non
1503 3109 1622 3177 delebo
1644 3111 1788 3198 penitus,
1811 3110 1875 3175 sed
1886 3109 2091 3176 concutiam:
2114 3107 2193 3197 quia

169 3214 256 3282 quae
278 3207 454 3262 moverunt
474 3192 562 3275 ilios,
582 3199 638 3284 qni
659 3210 816 3264 auctores
837 3197 1025 3264 sunthuius
1046 3196 1156 3263 distri·
1204 3198 1342 3284 punitur
1362 3199 1461 3264 etiam
1483 3194 1662 3264 Ecclesiae
1684 3193 2030 3284 vaganturmaltacet
2049 3212 2194 3344 mappae

170 3281 331 3361 tutionis,
354 3304 415 3349 cur
436 3280 511 3348 aliis
531 3296 633 3372 atqua
664 3282 739 3349 aliis
759 3285 964 3370 temporibus
997 3302 1154 3370 excerpe-
1207 3281 1416 3348 calamitates
1445 3305 1506 3368 per
1519 3281 1722 3351 Ecclesiam.
1767 3283 1906 3347 Granum
1936 3303 2000 3345 non
2032 3281 2112 3344 eade
2158 3283 2193 3343 in

169 3379 244 3435 rent
276 3366 388 3450 hanc,
411 3365 465 3435 vel
497 3367 587 3437 iilam
621 3386 760 3457 partem.
810 3370 1021 3481 llespondeo.
1068 3367 1155 3476 Quia
1205 3376 1336 3474 terrama
1359 3370 1393 3434 id
1415 3383 1479 3476 est,
1501 3373 1723 3437 servabuntur
1744 3383 1855 3437 tanuen
1877 3390 2003 3456 grana,
2028 3372 2080 3431 oia
2101 3367 2193 3448 beuff-

167 3540 338 3608 n....n
360 3478 517 3630 ...tit
537 3455 1154 3625 tbtttntt.i·⁶tttt¹ttt·.it
1204 3455 1268 3604 iii
1281 3455 1584 3623 ,tibitibi
1599 3453 2193 3629 itttitt.fttt.5‘t..it,ti;

87 3639 90 3645 ’
167 3624 304 3694 uolente
324 3629 418 3707 Tit03
445 3631 523 3717 quia
553 3634 670 3698 oderat
691 3633 756 3697 iam
787 3631 864 3697 hals
885 3633 982 3697 istius
1004 3626 1151 3717 politiae.
1204 3627 1379 3696 multitudo
1412 3651 1608 3698 securorum
1651 3629 1821 3697 hominum
1860 3631 1995 3713 inipso
2027 3626 2194 3706 Ecclesia,

169 3711 235 3789 Qui
257 3736 339 3802 ergo
369 3716 564 3784 ordinarunt
591 3720 680 3785 hanc
706 3717 959 3798 lectionem,'ut
986 3718 1054 3784 hoc
1074 3727 1154 3783 tem·
1204 3736 1292 3801 quae
1313 3720 1494 3784 contemnit
1526 3738 1656 3798 laenas,
1676 3716 1726 3783 iili
1748 3716 1862 3804 gladio
1883 3716 2049 3800 peribunt.
2078 3715 2193 3781 Locus

166 3801 473 3886 pore-declaretur,
506 3803 685 3871 voluerunt
718 3808 893 3878 deducere,
927 3804 1076 3871 lectores
1109 3804 1152 3869 ad
1205 3816 1258 3868 cst
1290 3804 1324 3869 in
1358 3805 1489 3888 capite.
1530 3806 1611 3871 timo
1643 3804 1761 3871 Amos.
1803 3800 1906 3871 Tales
1943 3798 2082 3890 regulae
2114 3812 2193 3868 suut

84 3927 86 3931 ν
168 3890 470 3956 considerationem
504 3893 678 3958 historiae:
700 3890 869 3972 videlicet,
902 3895 993 3978 quod
1025 3911 1068 3958 eo
1100 3890 1154 3954 die
1204 3886 1305 3957 valde
1326 3887 1460 3957 multae.

168 3972 327 4061 templum
350 3976 587 4046 inilammatum
620 3982 677 4045 sit:
711 3978 800 4045 sicut
827 3990 906 4044 ante
933 3998 1043 4045 annos
1074 3976 1153 4057 617,
1291 3977 1328 4041 ln
1357 3976 1460 4043 Esaia
1489 3992 1557 4043 est:
1587 3977 1886 4041 consummationem
1908 3977 2010 4055 faciat
2037 3975 2193 4038 Doudoua

168 4079 244 4126 cum
284 4063 454 4129 obsideret
491 4068 608 4131 urbem
640 4065 968 4145 Nabuchodonozor,
1011 4064 1152 4130 eundem
1203 4066 1239 4125 in
1255 4072 1359 4144 terra3
1391 4065 1426 4130 id
1459 4077 1525 4145 est,
1557 4062 1766 4150 praefinitam
1793 4063 2127 4141 consummationem,
2159 4071 2194 4128 et

51 4192 55 4205 .
167 4145 255 4212 diem
281 4150 433 4214 scribunt
465 4148 573 4216 luisse
602 4151 738 4218 iatalem
770 4148 905 4238 templo.
949 4151 1011 4218 Est
1042 4161 1152 4217 autem
1177 4166 1180 4174 ·
1204 4152 1385 4216 euuadabit
1406 4153 1538 4217 iustitia.
1583 4150 1678 4216 Deus
1691 4148 1780 4216 delet
1800 4170 1838 4215 re
1885 4170 1916 4230 a,
1938 4161 1972 4214 et
1993 4151 2121 4214 interea
2144 4160 2193 4213 ta·

168 4228 259 4298 illius
281 4236 375 4299 urbis
399 4257 499 4303 casus
521 4236 654 4305 illustre
675 4235 862 4325 exemplum
888 4240 1069 4307 universae
1089 4238 1153 4304 Ec·
1204 4259 1280 4303 men
1304 4233 1433 4325 colligit
1453 4234 1653 4304 Ecclesiam.
1698 4235 1799 4317 item„
1850 4240 1895 4298 rit
1915 4242 1951 4298 nt
1971 4238 2005 4297 in
2036 4234 2193 4297 uindemio

168 4316 294 4386 clasiae
315 4323 468 4387 omnibus
490 4326 706 4410 temporibus.
1204 4324 1322 4397 sterili,
1345 4324 1473 4406 meando
1495 4327 1650 4386 inomitra
1662 4344 1724 4385 rma
1747 4331 1841 4406 atque
1867 4323 1970 4385 altera
1986 4342 2057 4395 noa,
2091 4330 2122 4385 et
2144 4322 2193 4383 di·

253 4406 290 4473 ln
312 4418 405 4474 textu
421 4412 555 4493 ponitur
566 4409 767 4479 vocabulum
787 4411 930 4500 gaipoaoi
952 4411 1039 4487 Quid
1050 4413 1153 4499 signi·
1205 4418 1303 4484 cetam
1324 4408 1516 4474 Bencoiirtio
1548 4411 1688 4473 Donnini.
1733 4409 1829 4476 Deus
1857 4420 1971 4475 servat
2003 4407 2071 4472 hoc
2092 4409 2192 4474 mado

36 4484 41 4503 '
167 4490 248 4558 iicet
268 4493 389 4581 χάραξι
411 4494 561 4563 Vallum:
584 4518 651 4563 non
674 4497 841 4585 significat
858 4521 1018 4588 aggerem
1048 4503 1153 4585 χῶραι
1204 4495 1405 4577 Ecclesiam,
1427 4500 1516 4562 sicut
1539 4499 1673 4584 quando
1701 4493 1805 4563 sterili
1823 4509 1987 4582 tempore,
2022 4495 2079 4559 ubi
2113 4517 2192 4579 pau·

63 4610 75 4627 κ
167 4578 229 4644 sed
251 4598 353 4667 saepe
375 4586 464 4644 einen
475 4584 582 4652 Zona:
606 4597 639 4651 et
651 4588 784 4672 quidem
796 4584 885 4652 illam
898 4588 1047 4674 saepem,
1069 4608 1155 4672 quae
1206 4602 1266 4651 cae
1287 4604 1375 4650 uvae
1396 4585 1616 4669 proveniant,
1637 4584 1789 4649 homines
1812 4595 1924 4649 mmen
1946 4579 2044 4648 valde
2065 4578 2193 4647 iaetan-

90 4743 94 4749 .
167 4676 238 4732 erat
268 4670 504 4735 munimentum
535 4685 735 4754 castrorum,
767 4673 853 4739 intra
885 4695 985 4760 quam
1017 4694 1155 4762 saepem
1204 4685 1260 4741 tar
1280 4682 1468 4756 proveantu
1488 4667 1618 4737 iliarum
1646 4690 1831 4755 pauverum
1852 4690 2001 4736 uvarum.
2046 4666 2095 4733 lta
2117 4665 2193 4734 reli·

167 4763 263 4817 eram
285 4765 398 4820 castra
419 4754 568 4824 militum.
612 4758 689 4825 Non
722 4772 775 4826 est
796 4759 994 4842 aedificium,
1023 4781 1065 4827 ex
1087 4782 1154 4849 quo
1205 4779 1293 4848 quae
1314 4773 1412 4825 crunt
1489 4777 1571 4824 ucae
1591 4778 1703 4835 uvae,
1737 4768 1871 4824 caetera
1892 4757 2057 4840 peribunt.
2101 4754 2193 4822 Scia·

166 4831 259 4903 iacta
290 4843 334 4906 sit
362 4845 567 4930 oppugnatio
600 4846 747 4923 urbium;
780 4847 841 4911 sed
873 4842 935 4913 fuit
961 4845 1155 4933 simpliciter
1205 4869 1279 4915 rous
1310 4847 1412 4932 igitur
1468 4864 1542 4910 eam
1575 4855 1786 4908 servaturum
1820 4860 1899 4910 esso
1919 4838 2121 4922 Ecclesiam,
2141 4853 2193 4908 ut·

169 4942 290 5009 saepes
313 4940 513 4996 castrorum.
543 4931 592 4998 lta
614 4934 711 5017 spina
732 4934 825 4998 dorsi
848 4954 983 5020 quoque
1009 4938 1155 5001 nonina·
1205 4952 1338 5019 cunque
1359 4950 1490 5018 paenae
1512 4942 1680 5018 vagontur
1710 4930 1744 4993 in
1785 4947 1910 5014 genere
1947 4928 2117 5025 humapo,
2159 4939 2194 4996 et

166 5021 221 5075 tar
240 5014 361 5100 χᾶριιξ,
383 5018 461 5101 quia
483 5028 536 5082 est
558 5020 653 5104 quasi
677 5018 1097 5107 saepimentumcorpotis‚
1117 5033 1156 5089 ut
1205 5017 1418 5090 consolemur
1429 5036 1494 5083 nos
1516 5019 1582 5084 isto
1609 5012 1751 5082 articulo
1773 5014 1866 5084 fidei:
1891 5010 1996 5078 Credo
2018 5013 2193 5077 Eccleam

164 5095 210 5162 lta
232 5099 351 5167 dicata.
448 5151 451 5158 ,
1203 5109 1367 5185 Sanctam,
1401 5118 1466 5173 etc.
1510 5113 1545 5169 et
1576 5103 1741 5168 addamus
1775 5102 2021 5190 precationemz
2044 5102 2192 5167 Aetemo
2289 5159 2303 5167 .

208 5218 212 5231 ·
252 5184 333 5271 lpse
352 5198 465 5256 auam
486 5191 608 5258 macto
628 5191 777 5260 mnauot
799 5191 922 5261 multas
940 5205 1073 5279 partes:
1095 5199 1167 5270 sed
1204 5206 1300 5283 pater
1320 5189 1458 5260 Domini
1472 5188 1668 5259 nostrilesa
1689 5186 1838 5275 christi,
1858 5208 1960 5258 serva
1980 5199 2118 5275 propter
2137 5187 2192 5254 rt·
