4620 5588
25 228 37 237 ’
160 208 224 274 tot
848 210 1061 279 POS'MLLA
1095 158 1494 282 melnnrflomarth.
1937 214 1941 221 ’
2114 224 2181 291 968

161 404 323 489 aequius?
357 402 610 467 iniustissimum
633 413 697 479 est,
730 414 856 468 tantum
888 400 975 468 velle
995 399 1076 484 frui,
1109 416 1144 471 et
1174 402 1260 470 aot)
1281 400 1417 477 talenta,
1430 399 1501 470 'duc
1518 405 1562 469 ist
1579 410 1602 469 4
1620 414 1738 472 louhen
1752 410 1876 492 poidea,
1899 413 1967 475 iud
1982 400 2030 478 90
2049 421 2181 481 tuueant

161 489 240 556 nihil
265 488 420 555 conierre
442 486 497 554 rel
519 485 669 553 laborum
693 487 746 554 vel
769 489 932 554 beneficii.
974 488 1141 557 Beneficia
1193 495 1275 558 noch
1297 494 1449 558 dander.
1475 488 1650 565 ‘Quantum
1672 492 1739 558 hoc
1759 489 1825 559 iuit'
1842 492 2061 577 Alexandro?
2084 518 2178 567 toean

161 578 285 642 debent
306 595 384 640 esse
406 587 527 641 mutua.
1194 574 1361 662 Harpalus
1394 578 1459 644 ihm
1491 580 1578 644 nicht
1605 582 1698 645 mehr
1718 584 1862 663 pestoicn
1895 586 1994 663 hetta,
2034 605 2120 652 mere
2140 608 2178 652 er

247 663 314 727 iam
336 661 490 747 inspicite
511 662 685 728 mundum:
720 661 827 736 Quam
850 661 1055 746 multisunt,
1085 665 1247 751 quitata
1268 684 1381 731 ancer
1406 664 1489 730 Dtet
1507 684 1665 745 qewoeett.

160 749 216 817 illa
236 761 373 817 adarna
393 746 609 815 tabernacula
625 750 771 816 curant?
793 749 937 815 Maxima
959 771 1039 836 pars
1053 750 1143 821 omni
1280 755 1351 817 Bas
1382 754 1468 818 haist
1488 750 1657 816 Mammon
1679 754 1880 839 iniquitatis,
1916 770 1950 820 et
1974 779 2036 822 nos
2059 778 2177 826 omnes

161 833 291 913 scelere
318 847 457 901 conatur
479 837 662 901 destruere.
707 832 827 901 Videte
841 834 982 919 Turcas,
1005 841 1062 924 qui
1083 860 1142 903 ro·
1192 838 1239 902 ita
1260 839 1413 903 vivimus.
1456 836 1531 923 Ego
1555 835 1672 918 doleo,
1706 842 1796 926 quod
1818 862 1836 911 e
1855 863 1883 905 ·u
1906 864 2040 929 quoque
2058 845 2108 910 sic
2131 849 2177 912 ri·

160 922 231 990 lunt
266 936 418 989 evertere
450 934 553 988 totam
576 924 760 989 doctrinam
783 936 814 989 et
837 922 1024 991 Ecclesiam
1047 923 1142 990 chri-
1194 945 1285 1001 vam3
1308 926 1385 1011 quia
1408 944 1473 1012 ego
1491 945 1558 989 non
1581 944 1656 991 sum
1677 863 1926 1009 paterfamfiias,
1948 950 2016 995 uon
2038 951 2177 1016 possunt
2210 952 2213 959 ·

160 1013 321 1088 stiauam;
343 1022 461 1096 postea
486 1011 608 1088 videte,
630 1011 799 1096 quomodo
820 1006 867 1075 illi
879 1024 1015 1077 vastent
1023 1010 1141 1078 Eccle·
1164 984 1169 1099 Ι
1194 1031 1312 1097 regere
1334 1011 1573 1077 oeconomiam.
1617 1008 1790 1078 Trahimur
1813 1025 1979 1101 tamquam
2001 1028 2177 1103 tempesta·

60 1114 63 1119 ’
160 1100 261 1177 siam,
294 1099 350 1185 qui
384 1101 553 1163 nominant
586 1116 624 1159 se
654 1096 853 1183 Episcopos.
900 1097 1055 1164 Retinent
1071 1118 1141 1164 um·
1164 1102 1169 1145 ἒ
1192 1100 1300 1178 tibus,
1333 1101 1422 1164 sicut
1442 1098 1516 1178 isti,
1550 1100 1606 1185 qui
1623 1101 1794 1187 navigant,
1827 1100 2043 1187 impelluntur
2065 1106 2176 1170 ventis

159 1188 254 1252 hram
287 1186 550 1251 ceremoniarum
582 1185 625 1247 ad
659 1203 742 1269 opos
776 1197 810 1249 et
841 1187 1023 1334 potentiam
1045 1203 1142 1251 suam
1164 1152 1169 1301 Ι
1193 1184 1291 1251 etiam
1314 1196 1431 1251 contra
1453 1205 1548 1251 suam
1569 1184 1786 1252 voluntatem.
1830 1192 1965 1256 Darium
1985 1201 2062 1271 sapt
2082 1189 2176 1256 Chri·

160 1273 381 1338 ratinendom:
415 1271 544 1335 interim
578 1273 741 1335 trucidant
776 1270 846 1336 Eoc
860 1273 982 1351 esiam,
1019 1283 1142 1339 accam
1192 1283 1278 1351 stus,
1306 1272 1397 1359 quod
1420 1273 1562 1338 omnium
1585 1269 1765 1339 facultates
1783 1274 1851 1339 sint
1871 1276 1905 1339 in
1923 1271 2035 1363 aliquo
2056 1280 2176 1357 atusn,

159 1358 246 1424 i'ume
268 1360 411 1424 miseros
433 1369 588 1442 pastores
610 1370 644 1421 et
667 1356 907 1426 scholasticos:
940 1362 1048 1439 sehet,
1081 1366 1142 1426 tate
1192 1354 1276 1425 alias
1298 1360 1436 1437 maiore,
1459 1357 1544 1423 alias
1567 1362 1704 1425 minore.
1732 1361 1807 1425 Non
1832 1360 1965 1428 damnat
1987 1365 2175 1449 possessio·

158 1450 220 1513 der
235 1448 362 1527 hesper
383 1448 448 1509 dan
470 1465 581 1511 amiran
598 1444 740 1511 Modera
760 1449 830 1512 aad
840 1449 982 1513 wadan
1002 1449 1064 1513 der
1082 1465 1141 1530 pu·
1192 1465 1268 1511 nem
1285 1448 1461 1526 bonorum,
1483 1443 1725 1513 universaliter.

157 1541 270 1600 adorea
302 1552 363 1598 cua
384 1535 447 1597 deu
480 1551 583 1614 <rupen
599 1534 710 1598 eiciet·
756 1531 907 1613 Vedetis,
952 1552 1028 1598 uam
1049 1530 1142 1599 malti

158 1616 352 1685 scholastici
375 1619 556 1683 miserrime
579 1619 706 1698 vivant,
730 1620 785 1706 qui
807 1640 850 1685 ne
872 1554 1141 1707 quiaemhabent

156 1706 351 1772 neccssaria
390 1706 553 1790 camuris.
619 1704 670 1769 Eu
709 1708 843 1772 miseria
881 1708 1139 1773 excruciantur:

157 1790 252 1858 Dens
275 1804 383 1857 tamen
407 1789 484 1856 illos
508 1790 657 1858 adiurat:
691 1795 752 1860 sed
781 1794 948 1859 debebant
970 1812 1049 1859 esse
1068 1792 1140 1880 piu·
1343 1781 1423 1863 De
1475 1811 1502 1863 n
1518 1809 1624 1892 ego
1641 1783 1685 1864 ti
1700 1782 1869 1865 elion
1884 1783 1896 1864 i
1913 1785 2024 1867 bus.

156 1898 225 1958 res,
249 1880 304 1965 qui
327 1875 449 1944 talibas
475 1875 720 1944 benefacerent.
766 1880 942 1945 Praeterea
966 1882 1085 1947 videtis
1106 1882 1141 1946 in
1691 1910 1696 1917 ·

155 1976 228 2032 ²⁰1⁸
249 1967 330 2071 2¹:¹⁸,
354 1978 499 2052 ‘imitus
521 1968 567 2029 δὴ
589 1980 797 2052 ⁰⁰¹¹l⁰¹¹¹l¹l¹¹⁸
819 1968 1004 2034 ⁸l⁰d5⁰¹i¹¹¹¹
1027 1979 1061 2034 Ol
1081 1968 1141 2033 ¹¹¹¹·
1278 1980 1442 2046 Dominus
1466 1981 1555 2063 dicit,
1578 1977 1671 2049 illum
1693 1979 1841 2051 villicum
1859 1984 1922 2049 sibi
1945 1978 2116 2069 sapuisse,
2139 1998 2175 2049 ut

155 2053 294 2132 ”merua
315 2056 441 2119 dmm*
462 2060 537 2133 ⁸⁶9⁶
555 2049 710 2120 thlssiils
731 2058 889 2160 ''macl'‘
927 2057 989 2133 Oui
1004 2075 1069 2123 m
1090 2064 1142 2123 δεῖ
1193 2068 1329 2150 dicitur3
1350 2069 1413 2135 Odi
1432 2071 1618 2152 sapientem,
1641 2076 1698 2152 qui
1712 2068 1962 2154 sihtuunsoptt:
1983 2081 2016 2134 et
2032 2066 2175 2154 plerum·

156 2144 191 2206 θ’
207 2158 313 2224 WW
331 2142 449 2221 fideli&
468 2143 622 2224 dm
642 2147 710 2207 Μ
725 2145 832 2223 Mem
852 2162 888 2207 ²²⁸
909 2149 1050 2226 mapno?
1084 2144 1140 2210 lvd
1214 2173 1273 2233 ue,
1308 2155 1363 2241 q'ui
1396 2168 1474 2220 sunt
1501 2157 1534 2220 in
1558 2157 1856 2237 administratione,
1891 2160 1956 2222 sibi
1984 2154 2173 2223 consulunt.

156 2230 223 2293 ”w
241 2229 323 2293 ’Μ
346 2233 399 2294 ‘⁴⁷⁸
416 2236 589 2311 ‘'idumei'‘
609 2235 783 2312 “idmst-¹
1147 2274 1152 2289 =
1226 2250 1259 2306 te
1293 2238 1355 2308 fuit
1391 2242 1581 2329 negotiator
1618 2244 1651 2307 in
1681 2246 1897 2309 oeconomica
1936 2242 2173 2330 negotiatione,

293 2408 342 2471 „e
360 2407 486 2490 mmm
507 2424 570 2473 mm
594 2416 643 2471 m
662 2405 776 2471 dam
799 2408 994 2491 demvm
1163 2328 1340 2453 ¹eaercuit
1361 2328 1619 2417 negotiationem
1641 2331 1674 2394 in
1697 2330 1893 2397 oeconomia
1915 2331 1967 2396 sut
1990 2331 2123 2394 dompni,

243 2580 294 2645 Ex
318 2600 385 2668 quo
402 2578 639 2643 fundamento?
672 2578 745 2642 Nou
769 2592 845 2644 sunt
867 2574 1019 2644 iacienda
1040 2576 1141 2660 mala,
1988 2655 1997 2668 .

155 2680 194 2735 ut
215 2670 351 2734 veniant
376 2669 472 2730 hona.
896 2708 898 2712 ·
1181 2662 1316 2787 ¹Estne
1353 2663 1585 2748 hominibus
1626 2662 1828 2747 nobilibus
1867 2691 2056 2747 concessa
2102 2692 2175 2747 ne-

244 2840 394 2933 Chriatur
425 2847 569 2906 nominat
602 2842 653 2903 hic
679 2840 811 2906 Muttine
837 2860 1053 2909 ramosum
1079 2845 1141 2911 ini-
1340 2840 1346 2850 ⁴
1574 2835 1779 2949 gotiatio‘i

185 2931 195 2945 “
286 2928 437 3010 quitatis:
1206 2999 1208 3003 ,

242 3014 333 3099 Erpa
364 3034 475 3080 omncs
496 3017 627 3079 (limiae
647 3017 897 3099 continuatae,
931 3025 964 3082 et
978 3034 1043 3084 nott
1064 3019 1141 3084 tirde
1279 3018 1347 3089 llas
1371 3021 1492 3087 ondeo.
1519 3018 1595 3087 Nou
1618 3033 1670 3086 est
1693 3039 1861 3086 concessa
1877 3021 2088 3102 καπηλευτικῆ,
2110 3021 2173 3087 sed

285 3109 362 3166 ml
391 3104 520 3169 &time
541 3103 783 3184 Woemottmt.
815 3122 872 3170 teu
893 3110 962 3169 tota
976 3109 1141 3187 pesecutio
1191 3128 1408 3177 oeconomica
1425 3107 1607 3197 negotiatio
1624 3121 1677 3174 est
1699 3125 1882 3174 concessa:
1901 3106 1964 3175 Etu
1978 3105 2175 3175 irruenter

286 3188 471 3256 acconen
489 3198 523 3253 θ’
542 3193 671 3254 induit!-
1191 3198 1289 3279 Hert,
1306 3198 1385 3263 oder
1405 3202 1496 3262 einer
1516 3214 1584 3263 com
1598 3196 1678 3263 Adel
1696 3197 1757 3261 hat
1774 3205 1992 3281 potestatem,
2024 3196 2086 3261 dua
2107 3194 2174 3261 :tun

655 3296 665 3311 “
1191 3285 1325 3365 wechst,
1357 3302 1400 3349 au
1419 3282 1627 3360 oerhcndlcm
1659 3282 1723 3347 sed
1740 3301 1809 3346 non
1831 3292 1884 3348 est
1907 3299 2109 3348 concessum
2125 3275 2173 3345 le·

243 3368 443 3456 Respondeo
467 3371 510 3435 ad
531 3365 711 3433 Maiorem:
743 3366 820 3433 Non
852 3377 902 3434 est
915 3368 1031 3432 danda
1062 3369 1140 3431 ete„
1192 3369 1303 3457 gibus,
1321 3387 1535 3435 exercereue
1560 3368 1752 3435 otiationern
1768 3367 2072 3447 conplectentium,
2095 3387 2174 3433 esse

155 3479 292 3543 moapnu
307 3458 348 3523 de
363 3460 498 3543 rapina,
520 3452 663 3535 scilicet,
685 3457 727 3520 de
748 3455 851 3539 raptis
870 3464 989 3519 contra
1009 3453 1140 3521 consci-
1163 3432 1169 3523 Ι
1192 3475 1389 3540 cauponem,
1412 3475 1522 3521 emere
1536 3388 1671 3541 liugas,
1694 3466 1727 3521 et
1748 3455 1893 3521 vendere
1915 3473 1977 3541 pro
1989 3473 2053 3520 suo
2067 3451 2173 3519 lucro.

155 3547 288 3611 entiam.
333 3544 495 3631 Loquitur
527 3542 637 3607 Maior
666 3543 709 3611 de
742 3543 838 3607 bonis
870 3540 1043 3627 acquisitis
1066 3559 1140 3605 cum
1192 3541 1397 3609 Oeconomia
1429 3554 1481 3607 est
1503 3538 1646 3608 honesta
1669 3561 1741 3615 res,
1763 3561 1827 3607 uec
1849 3551 1974 3605 tanturn
1998 3558 2172 3611 concessa.

154 3630 314 3699 iniustitia
346 3629 533 3707 manifesta,
569 3641 687 3695 contra
716 3629 963 3693 conscientian..
1019 3624 1141 3707 Minor,
1191 3629 1374 3697 sedetiam
1403 3629 1505 3716 digua
1526 3626 1640 3695 nobili.
1686 3630 1795 3713 §cepe
1818 3628 2005 3714 quaeritur,
2030 3646 2108 3693 num
2129 3629 2174 3691 sit

127 3726 131 3733 '
156 3718 307 3785 ilhristus
328 3719 464 3785 dicitius
485 3717 630 3783 nornioot
653 3714 869 3780 Mammosam
890 3716 1054 3795 im’ustusr,
1072 3736 1141 3781 non
1192 3737 1411 3797 concessum,
1439 3729 1474 3783 ut
1495 3713 1627 3784 nobiles
1649 3728 1794 3803 coquant
1817 3714 2031 3792 cerevisiam,
2063 3723 2096 3778 et
2118 3733 2173 3778 co·

157 3808 246 3892 quod
280 3825 395 3871 omnes
422 3804 622 3892 possideant
649 3814 767 3868 cotttra
792 3802 1047 3882 conscientiam,
1080 3801 1141 3866 sed
1216 3819 1271 3871 ant
1295 3806 1461 3884 subditos,
1478 3804 1541 3871 dua
1561 3806 1609 3869 sie
1630 3825 1666 3870 ea
1686 3800 2001 3869 eundumnement
2021 3794 2174 3885 lle'spou·

154 3904 293 4044 propter
316 3893 428 3958 varios
452 3894 598 3966 abusum
621 3890 698 3977 qnia
720 3907 835 3953 omnes
857 3890 1023 3955 abutimur
1039 3886 1141 3955 stulte
1192 3827 1268 3959 dac.
1291 3890 1327 3958 Si
1335 3903 1388 3958 est
1400 3892 1618 3971 Oeconomia,
1640 3890 1733 3958 aciat
1753 3892 1899 3971 earccdt,
1920 3888 2178 3969 compescitum

169 3974 381 4046 acultatibus.
421 3977 492 4045 Wir
506 3982 656 4048 harneas
677 3978 765 4043 tacit
785 3977 877 4042 recht
898 3983 1056 4058 repieren.
1097 3979 1142 4044 Et
1191 4000 1256 4046 oca
1272 3979 1345 4046 dam
1363 3981 1539 4062 pureque,
1572 3980 1633 4044 dar
1660 3981 1726 4044 ilem
1747 3978 1881 4043 meist:
1914 3976 1975 4039 sed
2000 3974 2030 4038 si
2054 3984 2106 4038 est
2121 3997 2174 4036 au·
2216 3984 2219 3989 ’

151 4067 201 4132 'iat
214 4067 291 4133 hein
312 4062 553 4154 paterfamilias
574 4086 612 4132 au
634 4064 838 4148 mucciunt,
861 4073 896 4128 at
912 4063 1018 4148 possit
1035 4063 1141 4129 vitare
1193 4065 1365 4145 πηλευτικὴ,
1388 4085 1425 4129 sn
1447 4064 1605 4129 istautcht
1620 4063 1727 4129 recht:
1749 4062 1882 4148 quando
1897 4058 2011 4126 volunt
2027 4078 2176 4147 coquere

114 4147 121 4159 '
157 4172 273 4218 omnes
303 4155 441 4219 abusus.
489 4152 607 4218 Videte
614 4197 624 4231 ,
659 4147 775 4236 quales
794 4149 989 4236 voragines,
1022 4147 1141 4236 quales
1193 4155 1408 4231 cerevisiam,
1442 4162 1475 4215 et
1507 4161 1617 4215 tarncu
1651 4163 1763 4214 enmnt
1795 4146 1922 4235 fruges.
1972 4141 2174 4212 Aristotelea

83 4305 87 4309 .
156 4238 353 4326 Charybdes
387 4240 453 4304 sint
486 4235 680 4305 facultatum
713 4238 745 4301 in
776 4233 874 4300 aulis:
920 4236 975 4301 Du
1002 4241 1069 4303 hel!
1088 4239 1142 4303 ein
1193 4241 1260 4304 duo
1289 4260 1414 4326 genera
1442 4237 1630 4323 negotiandi
1653 4237 1759 4319 ponit:
1793 4256 1893 4300 unum
1916 4246 1987 4313 est,
2023 4232 2173 4299 Oecouo

152 4332 245 4409 [urat
265 4332 337 4391 400
354 4330 473 4409 pferd!
493 4347 533 4392 au
553 4328 636 4407 Hoff,
658 4324 755 4406 duris
771 4320 862 4389 ihrer
883 4325 973 4390 nicht
992 4329 1041 4389 20
1063 4326 1142 4389 oder
1192 4329 1312 4391 micum
1331 4326 1533 4407 honestum,
1559 4324 1762 4387 conveniens
1786 4335 1939 4400 naturae,
1974 4339 2175 4385 concessum

155 4418 212 4479 40.
259 4412 323 4478 Die
349 4414 477 4479 austera
504 4415 616 4477 slehen
637 4431 700 4477 nur
717 4430 779 4495 pro
797 4406 904 4473 forma
922 4413 973 4476 dc.
1018 4408 1142 4476 Postea
1192 4414 1347 4485 omuibus
1364 4410 1549 4487 ordinibus
1570 4421 1607 4491 ut
1627 4410 1806 4495 principe—t,
1824 4408 1878 4493 qui
1900 4405 2026 4477 habent
2049 4407 2174 4473 reditus

156 4509 313 4584 qnantum
332 4511 384 4564 est
402 4498 632 4582 profusionum
653 4498 686 4562 iu
709 4494 1140 4575 stultia-aedificationibus!
1192 4498 1225 4564 in
1248 4496 1431 4575 frumento,
1463 4509 1605 4581 possunt
1639 4496 1672 4560 id
1694 4515 1768 4560 cum
1791 4516 1853 4560 sua
1876 4508 1909 4559 et
1931 4488 2070 4558 aliorum
2092 4487 2175 4556 utili·

242 4583 437 4670 Alphonsus
457 4582 597 4650 contulit
609 4584 827 4668 quadraginta
841 4581 940 4648 millia
952 4603 1141 4663 aureorum,
1192 4597 1260 4650 tate
1284 4586 1436 4649 vendere.
1483 4582 1660 4661 idem-est,
1682 4602 1759 4649 cum
1785 4583 1975 4649 reliduntur
1999 4601 2053 4643 res
2075 4578 2175 4643 nobis

102 4686 118 4751 j
155 4672 189 4735 in
211 4672 450 4738 restitutionem
462 4671 727 4746 Mathematicus,
748 4671 823 4734 atiud
843 4673 915 4736 viar
936 4681 1052 4736 totum
1072 4671 1140 4751 qui·
1192 4683 1300 4735 natae.
1347 4667 1496 4734 Alterum
1530 4684 1582 4734 est
1614 4668 1843 4750 xunptromdr,
1883 4669 2015 4753 quando
2051 4663 2176 4750 aliquid

60 4824 67 4838 ,
156 4759 223 4823 des.
258 4758 343 4823 Mun
365 4760 495 4825 recinet
515 4781 549 4825 ea·
569 4777 665 4842 pros:
694 4758 754 4822 sed
777 4755 969 4842 quantulum
992 4754 1052 4821 fuit
1070 4736 1140 4822 hoc
1191 4756 1322 4837 emitur,
1340 4770 1373 4822 et
1393 4775 1512 4821 rursus
1531 4757 1696 4835 venditur,
1722 4756 1896 4837 ακάπηλος,
1918 4754 2028 4831 idest,
2053 4771 2174 4836 caupo.

155 4842 355 4929 Alphousoi
377 4845 497 4931 Netupt
519 4847 604 4911 duas
626 4846 765 4929 exiguas
784 4844 983 4919 munitiones
996 4844 1038 4909 in
1056 4843 1139 4907 Ger·
1192 4842 1351 4909 Germani
1371 4854 1495 4909 vocant
1516 4844 1608 4909 einen
1629 4842 1764 4921 idaim,
1796 4842 1852 4928 qui
1874 4861 1930 4906 res
1952 4859 2075 4925 parvas
2099 4858 2175 4904 coe·

148 4932 282 5011 mania,
311 4934 364 5013 die
396 4932 506 4999 hortun
538 4931 627 4999 mehr
660 4932 711 4997 cis
732 4937 756 4997 4
776 4939 895 4997 ttmuea
913 4930 1037 5015 poidea.
1082 4926 1139 4993 Al·
1161 4932 1261 5161 qutit,
1289 4928 1439 4997 utilitatis
1462 4950 1712 4998 suaecaussaz
1743 4930 1805 4994 sed
1836 4925 2001 4994 Graecum
2041 4925 2177 5012 proprie

127 5074 133 5081 .
156 5018 306 5102 phonsus
337 5032 428 5086 recte
446 5033 480 5087 et
503 5022 587 5087 bene
601 5014 711 5099 iecitt-
735 5018 797 5083 sed
825 5016 1018 5103 rrmgnitudo
1040 5036 1139 5102 pecu·

149 5104 395 5211 :tiiaepon‘pst
410 5107 494 5224 tanti
516 5105 742 5179 aestimanda:
761 5103 838 5257 quia
855 5099 1050 5211 multoplus
1086 5122 1139 5169 ro·
1190 5103 1545 5225 Indeadlqucudicitqr
1568 5100 1987 5224 caupoqarianeqotiutio,
2009 5121 2077 5187 qua
2094 5095 2175 5165 nihil

155 5184 303 5256 iimdrtur
324 5189 449 5258 trahis
473 5194 585 5257 rebus.
630 5182 760 5256 Alexan
785 5208 823 5256 er
855 5186 1026 5256 Aristoteli
1072 5188 1138 5255 edit
1161 5168 1169 5274 Ι
1191 5204 1243 5259 est
1265 5190 1418 5257 rasitatius
1441 5211 1474 5254 m
1496 5190 1550 5254 ins
1567 5190 1767 5276 regionibus.
1814 5185 1940 5253 Dicunt
1973 5180 2174 5282 vocabulum

245 5341 252 5348 ·
310 5329 456 5370 uentura.
471 5330 552 5373 orsa
575 5327 640 5370 vor.
659 5327 727 5367 nr.
1767 5302 1769 5306 ’
1922 5312 1950 5359 17

1190 5019 1357 5106 significat
1390 5017 1593 5083 venditorem
1628 5019 1714 5097 vini,
1747 5018 1802 5102 qui
1837 5015 2016 5099 corrumpit
2051 5013 2173 5079 eitiunt.
2302 5022 2307 5030 “
