4620 5588
174 219 238 299 rar
816 212 1088 309 ,rosrrnnr
1111 212 1512 309 nsunsrnonnnn
1660 296 1664 301 p
1887 212 1891 217 ·
2022 276 2027 284 ,
2122 215 2196 287 raa
2271 191 2275 201 '

173 430 258 488 nur,
280 421 313 475 et
336 429 397 474 ros
420 407 550 472 debetis
571 426 668 473 orere
685 405 816 486 Deum,
843 416 879 469 ut
902 401 957 469 det
976 405 1073 470 vobis
1096 406 1154 469 bo·
1177 411 1182 483 ῑ
1207 403 1390 490 virginitas,
1413 398 1469 467 vei
1489 402 1523 466 in
1548 403 1703 488 coningio
1721 403 1875 470 divinitus
1892 404 2024 469 sancito
2046 423 2187 471 serrare

173 518 251 562 num
274 506 308 561 et
329 495 529 559 mediocrem
552 504 685 571 statum,
719 506 753 557 et
775 489 934 578 politiam,
967 492 1046 557 does
1067 493 1158 557 nield
1206 489 1304 554 iidem
1329 486 1549 575 coniugalem,
1572 499 1605 552 et
1627 509 1695 553 non
1718 493 1843 576 vagari.
1879 489 1970 555 Deus
1989 486 2057 555 vult
2076 509 2192 576 genus

172 589 228 653 eia
249 580 392 658 Ethnici‚
415 577 584 645 horribilis
608 579 781 644 barbaries
808 578 934 658 werde,
968 574 1077 662 qualis
1101 590 1154 643 est
1206 573 1384 641 humanum
1403 586 1495 640 certo
1519 575 1789 655 ordinavimus,
1817 588 1852 655 et
1873 575 1945 644 vult
1967 572 2105 665 intelligi
2130 595 2187 644 ea·

171 671 206 734 in
229 665 364 747 Africa,
396 668 429 731 in
452 664 605 743 Oriente,
633 667 690 730 ubi
719 665 782 731 iarn
806 681 860 731 est.
880 661 979 748 plane
1003 660 1153 729 bestialis
1206 663 1350 727 stitatem
1373 681 1450 725 esse
1468 659 1620 725 virtutem
1637 660 1700 744 ipsi
1741 656 1916 742 lucentem,
1940 674 1973 726 et
1996 661 2065 728 vult
2088 660 2199 727 casti·

174 757 251 834 vita,
273 775 339 821 non
362 764 415 817 est
436 749 575 835 amplius
597 750 765 817 hominurn
788 753 866 816 vita.
1206 757 1273 813 tate
1306 767 1345 813 se
1385 747 1529 812 discerni
1561 768 1583 811 a
1614 682 1758 811 diabolis
1796 749 1970 814 immundis
2004 748 2185 835 spiritibus.

263 845 345 920 Onia
365 841 622 918 tribonianum]
654 838 778 916 idest,
806 835 901 902 Deus
925 831 1153 901 consolabitur
1205 832 1282 898 Non
1305 852 1483 919 possumus
1505 829 1614 898 oculis
1644 852 1781 897 cernere
1803 831 1930 909 Deum;
1962 836 2021 899 sed
2055 834 2194 919 oportet¹

173 947 245 1006 eos,
269 948 381 992 eorum
394 928 536 1012 gemitus
552 925 780 1002 exaudientur,
803 925 859 1009 qui
883 917 996 987 dolent
1018 935 1154 1006 propter
1205 940 1270 984 nos
1292 922 1455 1006 cogitare,
1489 915 1598 1005 qualis
1632 918 1676 984 sit
1701 916 1814 996 Deus3
1850 919 2005 986 videlieet
2036 920 2187 1007 sapiens,

172 1014 424 1099 oppressionem
447 1012 592 1077 iustitiae
615 1022 649 1073 et
671 1010 833 1088 veritatis,
862 1015 923 1074 rote
939 1028 979 1074 er
999 1012 1045 1081 ‹ta
1063 1017 1154 1089 rapt:
1207 1007 1328 1083 bonus,
1353 1025 1468 1083 verax,
1501 1017 1629 1083 castus,
1662 1003 1845 1071 beneficus.
1899 1004 2065 1073 Diabolus
2088 1006 2188 1073 etiam

94 1144 105 1155 -
172 1100 280 1165 Parce
311 1099 529 1185 gementibus.
591 1095 661 1161 Erit
683 1098 781 1161 etiam
802 1093 983 1183 aliquando
1005 1095 1153 1174 occasio,
1206 1104 1259 1157 est
1275 1093 1422 1177 sapiens,
1444 1091 1505 1155 sed
1524 1101 1576 1154 est
1592 1092 1746 1170 mendax,
1768 1106 1801 1158 et
1818 1104 1870 1157 est
1881 1095 2020 1177 cupidus
2032 1090 2191 1173 nocendi,

172 1187 227 1251 ubi
250 1183 490 1273 glorificabitur
511 1183 646 1249 veritas.
691 1236 695 1243 .
1205 1198 1272 1242 non
1290 1191 1342 1242 εει
1360 1176 1542 1253 beneficus,
1565 1186 1617 1240 est
1633 1197 1748 1241 arrtans
1762 1175 1982 1258 confusionis,
2005 1176 2186 1247 libidinum.

257 1276 354 1338 Beati
374 1273 623 1348 cannameles]
1206 1264 1253 1330 lta
1276 1264 1497 1328 consideratis
1520 1265 1796 1347 proprietatibus,
1824 1265 2055 1332 discernamus
2077 1264 2186 1330 Deum

1205 1362 1238 1415 et
1259 1350 1447 1414 immundos
1470 1349 1617 1434 spiritns,
1635 1354 1668 1414 e't
1683 1352 2027 1418 amemuscastitatem
2049 1363 2187 1438 propter

172 1430 283 1534 Quid
303 1445 366 1516 est
387 1430 683 1513 misericordia?
714 1429 813 1540 quid
834 1429 969 1511 differt
990 1457 1014 1509 a
1036 1455 1152 1509 man·
1206 1434 1348 1522 gloriam
1371 1434 1452 1513 Dei,
1486 1448 1518 1500 ει
1546 1446 1682 1521 propter
1705 1435 1906 1503 voluntatem
1936 1439 2018 1505 eius.
2063 1436 2112 1503 lta
2134 1456 2184 1503 so·

392 1553 617 1655 ...cnm
650 1551 716 1633 rt
746 1550 896 1633 ...m
913 1550 930 1630 ι
1204 1535 1612 1691 :intestini
1641 1523 1779 1676 titt
1805 1545 1929 1697 nn
1951 1524 2186 1676 arcannm

256 1699 383 1764 lustitia
411 1710 465 1764 est
494 1720 559 1764 non
593 1696 717 1764 inferre
749 1695 845 1764 alteri
877 1697 1047 1772 iniuriam,
1085 1715 1150 1758 non
1202 1692 1311 1781 gloria
1332 1705 1469 1779 propter
1491 1693 1688 1758 castitatem.

169 1782 305 1852 laedere
326 1783 425 1851 nlirrm
449 1806 514 1851 non
538 1784 733 1851 laedentem.
1288 1781 1386 1847 Beati
1407 1783 1558 1863 poetici-l
1614 1777 1706 1844 Dixit
1739 1794 1859 1847 antea=
1896 1781 1993 1848 Beati
2026 1788 2121 1849 miter
2152 1791 2186 1851 et

257 1871 478 1937 blansuetudo
507 1880 555 1949 ¹r'st
585 1881 640 1938 eta
662 1879 765 1954 roenip
798 1874 908 1949 mehr,
942 1888 1009 1934 non
1043 1862 1151 1930 solum
1201 1868 1438 1933 misericorder.
1482 1869 1544 1932 Hie
1565 1870 1638 1947 sept
1664 1886 1702 1932 er
1723 1878 1824 1935 etwor
1845 1872 1949 1935 mehr:
1981 1872 2078 1936 Beati
2092 1875 2184 1955 poct-

169 1979 235 2024 non
260 1957 395 2023 laedere
424 1980 491 2022 non
526 1956 728 2036 laedentem,
757 1958 818 2022 sed
852 1959 950 2021 etium
983 1974 1050 2018 non
1073 1972 1152 2017 esse
1198 1956 1273 2034 fici:
1294 1954 1326 2016 id
1350 1963 1414 2030 est,
1437 1953 1492 2037 qui
1514 1952 1613 2016 etiarn
1629 1949 1715 2017 alios
1727 1953 1866 2021 flectunt
1889 1955 1934 2019 ad
1968 1976 2085 2031 racem,
2106 1954 2184 2040 quia

170 2046 324 2128 cupidum
359 2046 539 2110 vindictae:
580 2045 709 2109 etiamsi
737 2044 858 2128 aliquis
891 2041 1008 2119 laesit,
1042 2051 1151 2104 tamen
1201 2037 1257 2104 fittt
1281 2038 1344 2103 Dei
1368 2041 1587 2103 vocabuntur.
1643 2039 1835 2107 Potestates
1864 2061 1928 2105 suo
1971 2061 2033 2107 oco
2061 2040 2185 2106 debent

168 2132 334 2196 moderari
357 2133 574 2208 iracundiam,
595 2134 675 2198 dore
695 2150 772 2198 moa
793 2151 837 2195 ott
858 2132 928 2196 sich
949 2132 1045 2194 holte.
1201 2125 1282 2190 dare
1305 2146 1454 2211 operam,
1482 2136 1517 2189 ut
1540 2120 1665 2189 faciunt
1680 2148 1810 2230 pacem.
1855 2125 2001 2207 Contra,
2036 2127 2091 2212 qui
2121 2124 2184 2276 ipsi

254 2215 486 2283 Misericordia
519 2213 628 2283 adhuc
662 2214 803 2301 amplius
833 2228 894 2279 est.
949 2212 1011 2278 Est
1034 2212 1152 2288 virtus,
1201 2223 1319 2275 semnt
1340 2211 1492 2287 dissidia,
1520 2221 1554 2275 et
1575 2230 1774 2278 occasiones
1798 2210 1993 2280 tumultuum
2022 2220 2055 2277 εἰ
2077 2208 2132 2279 bel
2170 2248 2182 2261 ·

169 2323 236 2389 qua
257 2297 423 2369 atfictnmr
451 2303 568 2369 dolore
599 2316 738 2391 propter
766 2299 906 2367 aliorum
933 2296 1151 2380 calamitates,
1200 2318 1284 2369 nrm,
1305 2298 1360 2365 tlte
1380 2299 1459 2363 tlrtm
1481 2297 1669 2380 adelelmo,
1691 2311 1724 2363 et
1746 2298 2071 2385 habebuntpoenas.
2107 2298 2218 2389 Non„

169 2400 204 2455 et
223 2390 392 2472 parcimus
425 2409 467 2455 ac
489 2391 556 2453 miti
582 2410 676 2453 antus
697 2384 771 2453 aliis
800 2385 887 2451 mala
920 2398 1055 2470 propter
1078 2405 1152 2467 pro·
1201 2403 1335 2469 semper
1356 2384 1440 2447 satis
1469 2394 1519 2447 est
1543 2383 1669 2448 dicere:
1699 2383 1772 2472 Ego
1800 2383 1908 2451 babeo
1938 2388 2056 2461 iustam
2087 2403 2188 2459 ‹sttru-¹

168 2470 311 2539 babilem
335 2493 501 2539 caussam.
559 2411 653 2539 licus
682 2486 736 2540 est
765 2474 974 2550 misericors,
1006 2466 1152 2535 aflicitur
1201 2489 1289 2533 saniz
1312 2471 1358 2535 Er
1374 2471 1512 2551 pelleret
1531 2468 1613 2536 crocle
1634 2475 1697 2537 eie!
1711 2474 1822 2539 durare.
1875 2473 2104 2551 Ouodtarinm
2121 2478 2183 2551 eet,

170 2557 289 2641 dolore
323 2572 457 2644 propter
491 2574 625 2624 nostres
658 2562 821 2626 miserius.
876 2557 981 2624 Filius
1003 2554 1068 2621 Ilei
1097 2567 1152 2620 est
1201 2561 1284 2621 turre
1305 2556 1484 2637 exequaris.
1541 2555 1713 2639 inprimis
1742 2558 1885 2643 pertinet
1907 2558 1972 2625 boe
1995 2559 2118 2625 dietam
2139 2558 2181 2627 ati

168 2646 374 2724 misericors,
396 2643 540 2712 afficitur
557 2644 675 2711 dolore
692 2659 828 2732 prepter
839 2662 974 2711 nostras
986 2643 1150 2720 miserias,
1202 2644 1445 2727 gubernatores
1463 2652 1497 2705 et
1519 2663 1660 2727 magnos
1679 2642 1829 2710 homines
1852 2646 1885 2711 in
1907 2640 2182 2730 Rebuspnblicisa

168 2731 206 2797 lit
229 2731 428 2815 deprecator
450 2754 511 2817 pro
534 2734 647 2813 nobis,
672 2746 809 2819 propter
832 2727 1038 2816 probabilem
1057 2748 1151 2794 caus·
1201 2730 1349 2793 dorattclt
1383 2728 1425 2792 ad
1458 2728 1634 2808 doctores,
1673 2742 1708 2794 ut
1735 2730 1853 2797 tollant
1889 2733 2119 2798 dissensiones
2147 2730 2181 2796 in

168 2838 254 2883 sam.
297 2815 391 2882 Dens
415 2820 541 2904 mitigat
562 2840 700 2905 poenas,
726 2840 792 2884 non
815 2814 976 2898 Diabolo,
1011 2817 1151 2901 serigo·
1203 2810 1374 2878 Ecclesia:
1396 2834 1464 2878 non
1486 2814 1665 2880 ambitione
1688 2828 1843 2883 serantur
1865 2839 1972 2883 novoe
1995 2818 2180 2902 opiniones,

167 2904 240 2970 neri
263 2904 422 2982 human03
447 2907 524 2990 quia
546 2924 652 2992 genus
675 2905 851 2970 humanum
875 2905 1051 2988 deceptum
1074 2921 1151 2985 pee-
1204 2921 1271 2964 non
1289 2901 1475 2965 excitentur
1496 2902 1685 2966 discordiae
1707 2904 1780 2969 sine
1802 2906 2017 2971 necessitate.
2057 2903 2183 2987 blegne

169 2992 282 3066 cavit3
316 2991 467 3056 homines
500 2993 595 3056 etiam
626 2989 780 3057 volentes
814 2999 1056 3074 peceaverunt,
1089 2987 1150 3050 sed
1203 3005 1260 3051 res
1282 2998 1357 3064 est,
1389 2997 1422 3051 et
1452 3006 1605 3073 magnum
1639 2989 1781 3069 bonum,
1803 2991 1964 3056 dirimere
1994 2989 2183 3055 discordias

168 3078 309 3162 decepti.
357 3075 522 3143 Diabolus
555 3089 664 3143 autern
698 3090 750 3145 est
784 3075 999 3163 blasphemos
1033 3085 1067 3138 et
1094 3094 1150 3138 so·
1205 3075 1293 3139 bana
1314 3083 1348 3137 et
1369 3093 1449 3137 vera
1471 3070 1703 3159 explicatione,
1734 3088 1769 3142 ut
1789 3076 1889 3145 animi
1911 3079 2046 3143 videant
2065 3073 2192 3143 tunm..

167 3166 273 3247 perbo
307 3175 498 3249 contemptu
537 3166 696 3250 peccavit.
757 3164 865 3230 Adam
905 3175 937 3227 et
972 3161 1046 3226 Eva
1084 3178 1149 3224 non
1203 3155 1393 3238 mentalem,
1416 3180 1540 3238 veram,
1569 3173 1602 3225 et
1622 3162 1860 3229 inconcussam
1882 3164 2070 3230 veritatem:
2104 3160 2185 3250 quin¹

167 3249 301 3315 suerunt
318 3245 516 3334 blasphemi,
538 3270 736 3336 quarnquam
748 3249 901 3316 volentes
912 3256 1149 3333 peccaverunt,
1204 3247 1348 3332 cognitis
1382 3241 1629 3327 fundamentis,
1693 3260 1782 3314 otest
1818 3270 1913 3317 mens
1952 3252 2180 3337 acquiescere.

168 3346 279 3399 tamen
308 3333 496 3399 infirmitate
526 3352 558 3400 ει
592 3338 721 3421 decepti
747 3348 988 3419 peceaverunt;
1022 3334 1151 3397 Miseri·
1203 3331 1307 3395 Error
1340 3343 1391 3397 est
1424 3330 1629 3401 foecundus:
1663 3271 1759 3403 llnus
1794 3356 1888 3401 error
1920 3339 2006 3422 parit
2039 3333 2183 3412 ntultosa

170 3419 285 3484 cordia
314 3417 415 3483 habet
448 3420 593 3504 aliqrram
626 3418 832 3505 probabilem
864 3438 1031 3486 caussam.
1089 3421 1152 3485 Eia
1201 3419 1281 3483 oder
1302 3437 1396 3483 werin
1422 3438 1496 3483 nina
1523 3425 1576 3485 eta
1593 3422 1672 3502 dian
1697 3426 1791 3491 recht
1813 3424 1995 3504 prnndlich.
2010 3425 2182 3509 seniebat,

168 3508 303 3572 Richter
330 3509 380 3571 eol
406 3506 598 3571 misericors
630 3527 728 3590 sepo,
772 3508 830 3572 ubi
868 3518 920 3570 est
958 3501 1150 3591 probabiles
1201 3523 1241 3570 ao
1261 3507 1350 3569 leona
1372 3523 1448 3569 man
1470 3512 1524 3570 ern
1544 3507 1687 3585 dorrtder
1709 3512 1849 3577 werden.
2175 3512 2182 3565 -“
2245 3586 2248 3590 Δ

171 3610 305 3673 caussa,
328 3593 383 3655 ubi
407 3602 459 3655 est
480 3612 559 3676 spes
582 3594 840 3656 emernlatienis:
871 3592 933 3655 sed
961 3591 1017 3655 ubi
1035 3600 1149 3654 contu·
1287 3592 1395 3668 Beati,
1424 3595 1480 3671 qut
1508 3598 1764 3674 persecutr‘onem
1792 3599 1989 3677 politanam]
2041 3600 2112 3664 oar
2138 3596 2187 3671 ist

168 3678 277 3743 maria
303 3676 533 3756 confirmatur,
566 3679 611 3743 ibi
644 3679 744 3743 debet
779 3698 855 3743 esse
888 3677 1055 3763 asperior,
1089 3678 1151 3743 dos
1201 3671 1402 3758 generaliter
1429 3678 1550 3758 perede
1569 3679 1610 3743 de
1656 3676 1868 3749 ersecutione
1889 3679 2076 3748 Ecclesiae.
2119 3680 2184 3749 Est

168 3764 313 3830 rtruttwit
332 3766 423 3829 nieht
434 3768 617 3844 pestrrcltct
638 3768 755 3850 werde,
781 3767 859 3831 does
881 3766 926 3829 ist
944 3765 1025 3829 dits:
1053 3760 1150 3827 Beati
1202 3764 1386 3839 eommunis
1420 3761 1593 3831 doetrinae
1644 3788 1811 3847 eeruce,
1843 3760 1934 3855 quod
1956 3764 2111 3837 Ecclesia
2139 3768 2183 3835 sit

168 3850 414 3914 misericordes.
474 3848 704 3916 Misericordia
742 3864 795 3916 est
826 3853 949 3915 bonurn
982 3869 1085 3935 opas,
1118 3858 1151 3912 et
1202 3846 1352 3912 subiecta
1375 3851 1477 3928 cruci,
1499 3861 1532 3914 et
1555 3870 1695 3917 caussas
1707 3872 1810 3938 saepe
1826 3855 1961 3922 auditis:
1983 3856 2060 3942 quia
2071 3853 2182 3923 adhuc

169 3935 271 4015 habet
293 3934 391 3999 etiam
412 3936 446 3998 in
469 3934 533 4002 bae
556 3938 621 4013 vita
638 3958 701 4002 sua
719 3938 874 4020 praemia.
1200 3930 1318 3999 haeret
1339 3948 1513 4018 peccatum
1540 3938 1573 4001 in
1596 3935 1655 4002 illa
1682 3940 1815 4005 miseria
1836 3953 1964 4008 natura.
2009 3940 2087 4008 ideo
2109 3937 2181 4008 vult

256 4023 354 4087 Beati
372 4025 492 4086 trntrrdo
512 4026 630 4103 eorde]
661 4021 862 4108 Simpliciter
882 4017 1031 4105 intelligo
1055 4020 1151 4097 casti,
1202 4017 1295 4084 lleus
1318 4023 1420 4105 premi
1443 4020 1647 4103 Ecclesiam,
1680 4045 1723 4091 ne
1751 4027 1821 4092 otio
1856 4038 1891 4091 ει
1919 4028 2100 4093 securitate
2121 4025 2181 4095 fiat

170 4113 246 4189 quta
270 4105 378 4178 Deum
410 4110 567 4174 ridebunt.
623 4107 671 4174 lta
704 4111 823 4175 dicitur
855 4111 888 4175 in
922 4103 1074 4193 Epistola
1107 4107 1150 4171 ad
1201 4103 1409 4187 insolentior,
1437 4110 1523 4175 sieut
1544 4111 1664 4175 videtis
1686 4133 1804 4178 omnes
1824 4113 1975 4179 homines
1997 4111 2068 4178 fieri
2085 4133 2182 4181 secu·

169 4192 359 4258 Hebraeos:
387 4195 464 4260 Sine
491 4197 743 4277 toartis-cottone
769 4199 872 4262 Deum
898 4213 991 4261 aerae
1019 4194 1152 4259 ridete:
1202 4191 1320 4272 riores,
1340 4195 1407 4258 imo
1432 4196 1530 4261 etiarn
1554 4196 1737 4262 deteriores
1761 4200 1793 4263 in
1816 4201 1885 4265 otio
1907 4210 1940 4264 et
1960 4195 2052 4265 luxu.
2096 4197 2180 4267 Vult

170 4278 204 4343 id
237 4292 309 4359 est,
345 4281 419 4345 sine
451 4283 621 4347 castitate.
688 4280 761 4349 Dos
793 4287 889 4362 mort,
926 4277 1151 4346 sanctificatio
1201 4275 1296 4343 Deus
1314 4299 1377 4345 nos
1400 4279 1552 4368 singulos
1579 4302 1656 4349 osse
1677 4283 1850 4351 subiectos
1878 4288 1987 4364 eruci,
2020 4299 2055 4353 ut
2077 4305 2180 4375 agno·

82 4448 86 4454 .
170 4385 287 4432 nemen
307 4376 357 4431 rte
378 4371 436 4448 offt
453 4373 515 4450 ster
536 4371 597 4434 doe
619 4377 702 4434 rrort
721 4368 873 4433 castitas.
924 4365 1078 4432 Caecitas
1100 4374 1153 4429 ost
1202 4384 1336 4431 scamus
1358 4383 1543 4451 peceatum,
1562 4380 1595 4434 et
1612 4383 1744 4436 crescat
1761 4371 1973 4457 poenitentia,
1995 4383 2029 4437 et
2050 4370 2180 4439 frenum

171 4449 408 4518 universaliter
434 4474 541 4537 poena
570 4452 760 4533 libidinum,
791 4462 851 4521 rote
872 4455 924 4519 ilar
956 4456 1065 4530 cebet,
1096 4451 1151 4517 die
1201 4452 1299 4516 nobis
1321 4452 1515 4519 iniiciamus.
1561 4453 1683 4521 Postea
1710 4469 1789 4522 sunt
1811 4458 1908 4524 etiam
1931 4454 2016 4524 aliae
2038 4478 2181 4527 caussae

170 4544 374 4619 arninnipem
397 4543 494 4606 tollen
513 4536 671 4604 Canonici
696 4551 774 4604 sunt
801 4538 918 4626 polluti
947 4537 1148 4605 lrbnhmbus.
1202 4539 1324 4617 crucis,
1347 4538 1486 4620 scilieet,
1509 4535 1545 4606 ut
1567 4544 1610 4608 sit
1632 4544 1856 4609 testimonium
1880 4545 2068 4621 doctrinam
2090 4547 2181 4627 item,

172 4624 250 4688 ideo
275 4625 389 4689 vivant
421 4627 517 4690 etiam
550 4627 582 4691 ia
609 4647 730 4713 magna
752 4626 929 4703 caecitate,
964 4639 1065 4690 etex
1094 4620 1151 4689 illa
1201 4626 1279 4709 quia
1316 4623 1409 4691 Deus
1452 4624 1522 4693 vult
1560 4629 1711 4714 conspici
1751 4650 1847 4696 suam
1885 4632 2108 4716 praesentiam
2146 4631 2179 4696 iu

173 4709 333 4775 caecitate
369 4723 554 4797 sequuntur
586 4710 651 4776 alia
678 4707 786 4777 mala:
819 4716 906 4778 sieut
938 4712 1058 4778 dieitur
1087 4708 1151 4776 Ro·
1200 4711 1377 4777 aerumnis.

172 4816 260 4874 man.
283 4796 312 4873 l,
336 4798 483 4864 Trodrdtt
502 4818 559 4874 eor
576 4805 612 4864 tn
629 4800 797 4864 desideria
813 4802 929 4866 cordis.
962 4797 1149 4864 libidinum
1287 4794 1393 4864 'laxat
1414 4809 1525 4865 autem
1546 4795 1702 4865 Christus
1724 4796 1814 4867 illam
1829 4800 2055 4868 pharisaicam
2075 4802 2180 4889 phau·

173 4895 355 4966 poenaest
378 4887 538 4948 caecitas:
560 4886 607 4949 ita
627 4898 776 4964 econtra,
794 4882 904 4951 lumen
922 4898 956 4951 et
972 4882 1148 4950 illustratio
1201 4882 1320 4949 tasiom
1343 4885 1385 4949 de
1408 4905 1514 4972 regno
1539 4887 1704 4952 mundano
1728 4885 1860 4953 Christi.
1905 4888 2062 4973 Apostoli
2090 4891 2181 4979 cogi·

172 4972 291 5035 mentis
313 4980 366 5033 est
389 4970 568 5052 praemium
591 4971 766 5037 eastitatis.
1201 4973 1333 5050 tabant,
1366 4992 1405 5039 se
1426 4968 1600 5038 habituros
1624 4971 1862 5060 amplissimum
1884 4995 2039 5061 regnunt,
2073 4988 2106 5042 et
2132 4976 2180 5044 vi·

260 5052 405 5119 Castitas
428 5067 490 5120 ost
522 5059 628 5122 vitare
655 5058 839 5146 prohibitas
871 5052 1034 5122 libidines.
1089 5054 1151 5122 Est
1201 5069 1315 5122 cturos
1338 5058 1370 5122 in
1393 5058 1522 5144 magnis
1542 5058 1660 5142 opibus
1683 5071 1717 5124 et
1734 5060 1889 5144 potentia.
1924 5064 2010 5128 Aber
2031 5084 2069 5130 er
2089 5072 2180 5149 sapt.-

172 5139 318 5208 defittitlo
340 5139 404 5206 κατ’
426 5140 585 5230 ἀφαίρεσιν
604 5146 656 5207 τοῦ
677 5150 827 5225 tvenne,
859 5144 894 5209 id
915 5153 986 5224 eet,
1019 5155 1073 5209 est
1095 5139 1150 5209 vel
1200 5164 1238 5213 ee
1259 5148 1344 5213 tolrtl
1367 5148 1458 5212 tticlti
1486 5149 1557 5213 oleo
1589 5165 1690 5231 scyti:
1723 5142 1888 5213 habebitis
1910 5149 2200 5243 persecutionemx

1818 5263 1988 5334 Νὴ
