4620 5588
140 131 183 199 rs
370 84 376 90 ⁵
769 129 1021 255 amantea.
1036 129 1224 199 staura
1246 127 1511 196 ansearius.
2098 129 2143 196 aa

141 319 219 407 quin
242 317 336 385 Deus
368 315 473 384 multo
494 318 624 385 avidior
649 320 695 384 sit
716 319 759 384 ad
781 319 936 384 mudum.
983 318 1118 385 Germa·
1256 319 1377 396 Adam,
1399 335 1597 403 quamquam
1617 311 1653 380 la
1675 333 1748 399 sus,
1769 335 1812 381 ac
1832 313 1989 383 deformis
2010 330 2075 397 est,
2098 328 2148 382 ta·

140 407 215 471 nice
237 403 283 468 ita
305 414 420 479 sonat3
463 406 541 488 quia
564 403 763 469 Germanice
781 405 914 488 scripsit
934 401 1117 475 'Paulerust
1169 423 1245 468 men
1267 400 1377 488 placet
1398 401 1525 479 iterum,
1548 336 1686 488 perinrle
1708 400 1799 466 acsi
1822 422 1889 467 non
1910 401 2082 468 habuisset
2092 403 2150 466 de·

137 493 335 561 Henaclttt‘clc
365 493 457 556 berta
483 497 527 557 tst
545 493 775 556 nonmmmeltr
794 511 833 557 ao
853 494 994 573 aemerio
1010 494 1119 573 pnade
1169 487 1378 553 formitatem.
1422 484 1538 550 Placet
1571 488 1656 551 euim
1690 487 1753 550 iarn
1775 502 1912 572 propter
1933 490 2150 553 mediatorem

137 593 180 642 su
199 578 349 658 depereat,
385 578 459 642 Gott
479 583 524 642 tat
542 582 605 642 atel
624 576 832 656 beuter-liciter
852 597 893 641 su
909 581 1025 657 peden.
1170 575 1292 638 ‹lonata
1325 575 1396 639 cius
1424 572 1559 637 iustttta.
1603 569 1726 636 Postea
1748 571 1923 637 inchoatur
1943 574 1976 638 in
1999 594 2039 638 eo
2061 593 2150 638 rrova

225 659 382 725 Testatur
393 671 503 726 autem
524 673 619 746 pater
639 661 793 727 allectum
814 680 923 741 suum,
932 663 1063 727 irruens
1085 662 1119 725 in
1170 660 1369 740 ohedientia,
1402 670 1436 725 et
1466 655 1551 722 haee
1583 657 1645 719 erit
1667 653 1816 739 perlecta
1837 659 1871 722 in
1893 660 2149 723 resurrectione.

112 768 114 772 ·
140 742 263 813 cellum
281 745 353 825 filii,
376 756 409 809 et
431 746 590 814 osculans
613 767 698 811 eum.
729 744 932 832 Complexus
954 745 1119 832 significat
1257 743 1352 808 Stola
1373 740 1434 809 suit
1454 743 1560 807 vestis
1578 742 1758 822 senatoria,
1782 754 1815 806 et
1835 744 1925 828 apud
1947 740 2149 826 Xenophon·

140 829 386 916 copulationem
422 833 544 897 cordis.
594 829 755 897 Osculum
787 844 841 897 est
872 831 991 898 cllusio
1024 834 1119 916 spiri·
1169 842 1235 896 tem
1252 829 1391 916 legitur,
1413 829 1502 916 quod
1524 822 1623 891 luerit
1645 825 1743 891 etiam
1765 829 1858 912 regia
1881 829 2000 901 vestis,
2034 827 2150 894 videli-

118 928 243 996 >.tuum,
266 937 334 1002 qua
356 915 537 983 efficaciter
562 915 600 982 lit
622 914 788 1002 copulatio
810 919 1131 987 eordisuuiuscum.
1169 927 1222 980 cet
1254 912 1357 1002 longa
1388 926 1422 982 et
1453 909 1563 998 ampla
1595 912 1721 988 vestis,
1744 924 1863 1000 tegens
1885 925 1990 978 totum
2013 932 2149 998 corpus.

139 998 277 1071 alterius
301 1002 412 1067 eorde.
1168 999 1244 1066 Fuit
1264 1001 1439 1066 honestior
1460 998 1591 1077 habita,
1615 1017 1712 1081 quam
1735 1008 1826 1083 toga.
1867 999 2044 1085 Augustus
2066 1020 2149 1064 uxo·

226 1087 289 1152 Hic
312 1084 399 1151 lilius
421 1088 568 1153 vicissim
591 1089 739 1155 ostendit
762 1089 860 1174 signa
881 1090 989 1155 seriae
1005 1088 1119 1172 poeni·
1169 1107 1239 1151 rem
1261 1107 1356 1154 suam
1377 1087 1505 1152 Liviam
1527 1085 1672 1149 vocabat
1718 1085 1862 1167 Ulyssem
1883 1090 2034 1151 stolatam
2042 1130 2053 1164 ,
2072 1087 2150 1171 quia

139 1173 274 1252 tentiae,
296 1173 464 1257 inquiens:
487 1177 596 1250 Pater,
615 1177 948 1258 praesumebam
966 1183 1120 1241 eteorum
1168 1173 1333 1238 miscebat
1354 1193 1392 1238 se
1414 1169 1556 1257 negotiis
1578 1169 1839 1255 gubernationis.

139 1265 190 1324 te.-
210 1258 244 1322 id
267 1268 329 1337 est,
351 1257 471 1324 offendi
493 1256 613 1338 Deum,
637 1270 668 1325 et
680 1257 878 1325 Ecclesiam.
907 1257 998 1326 'l'alis
1021 1261 1120 1324 debet
1256 1257 1522 1343 sperateres,
1546 1254 1656 1340 quiin
1679 1255 1953 1336 occupationibus
1964 1266 2069 1331 erant,
2117 1274 2150 1320 e·

139 1361 216 1409 esse
237 1355 354 1408 nostra
375 1345 519 1409 omnium
540 1344 727 1420 confessi03
747 1346 886 1429 primum
908 1345 1120 1432 ergaDeum,
1170 1344 1304 1409 stabant
1320 1347 1475 1428 mulus:
1507 1359 1548 1404 ea
1579 1337 1639 1406 fuit
1661 1340 1856 1405 brevissima
1877 1341 1998 1419 vestm,
2031 1362 2053 1426 q
2112 1359 2149 1406 es

161 1440 259 1494 ostea
280 1429 378 1492 etiam
399 1431 442 1494 ad
463 1427 662 1509 Ecclesiam,
684 1432 740 1496 ubi
761 1451 848 1516 opus
871 1442 940 1512 est,
962 1437 997 1496 in
1018 1431 1120 1496 mani·
1168 1431 1259 1494 nune
1292 1442 1466 1515 gestantur
1495 1425 1722 1491 aSaxonihus
1754 1438 1812 1490 aut
1834 1423 1952 1491 Gallia.
2008 1423 2149 1490 Graecis

137 1449 235 1584 festis
264 1512 406 1580 delictis.
452 1515 545 1582 llaec
568 1516 737 1583 consessio
758 1518 903 1602 pertinet
934 1518 978 1582 ad
1006 1536 1119 1583 veram
1170 1524 1222 1579 est
1242 1513 1361 1595 accoli,
1383 1517 1447 1582 das
1466 1528 1541 1578 mart
1562 1509 1627 1576 lca
1643 1510 1813 1575 dardcrcla
1833 1511 1937 1576 selaeu
1970 1508 2080 1576 Varro
2103 1510 2151 1575 dl·

138 1599 381 1667 contritionem.
1157 1601 1216 1666 'cit
1237 1601 1288 1666 sic
1309 1603 1483 1678 nominari,
1501 1597 1597 1684 quasi
1618 1616 1706 1683 pene
1727 1599 1773 1661 sit
1793 1593 1896 1662 nulla.
1919 1595 2150 1676 Honestiores,

225 1680 468 1750 Universaliter
488 1697 628 1770 peccata
648 1701 766 1752 nostra
786 1700 866 1753 suut
887 1688 1025 1774 gemina.
1060 1683 1119 1750 0f·
1170 1685 1225 1772 qui
1248 1706 1315 1751 non
1337 1689 1384 1752 ita
1405 1686 1539 1752 suerunt
1560 1683 1725 1768 occupati,
1748 1693 1922 1769 gestarunt
1942 1679 2054 1768 pallia.
2077 1683 2149 1748 Sub

138 1766 277 1836 sentiunt
297 1767 425 1849 Deum,
453 1772 541 1839 sieut
564 1772 732 1858 Propheta
753 1775 858 1859 inquit
874 1774 918 1839 ad
938 1771 1118 1839 Davidem:
1169 1769 1270 1856 pallio
1292 1770 1480 1838 habuerunt
1501 1770 1658 1845 tunicam,
1681 1788 1766 1853 quae
1787 1767 1848 1833 suit
1869 1769 2007 1832 interior
2028 1779 2062 1832 et
2073 1769 2149 1832 bre·

138 1859 260 1922 Fecisti
275 1858 497 1941 blasphemari
516 1877 633 1924 conten
644 1862 792 1926 Domini:
812 1872 931 1943 postea
953 1859 1118 1923 etiamdc·
1170 1857 1243 1922 vicr
1264 1860 1380 1922 restis.
1410 1859 1592 1927 Senatores
1614 1850 1691 1918 loco
1714 1849 1816 1937 pallii,
1840 1855 2017 1939 gestabant
2037 1863 2150 1940 togas,
2259 1928 2261 1930 ¹

136 1940 292 2020 formant,
328 1953 363 2005 et
389 1941 560 2008 offendunt
590 1941 790 2011 Ecclesiam.
832 1943 956 2010 hledici
988 1944 1118 2009 dicunt:
1169 1953 1227 2008 aut
1249 1941 1367 2009 stolas.
1412 1944 1537 2031 Sagum
1559 1949 1632 2003 erat
1653 1941 1757 2003 vestis
1780 1934 1932 2004 militaris
1945 1934 2069 2003 Christi
2093 1959 2148 2004 ve

137 2030 231 2094 Ntlcil
272 2046 396 2109 arcura,
417 2031 500 2094 nibil
519 2037 700 2095 concanae:
731 2039 765 2095 et
785 2028 975 2096 Laconicus
1005 2040 1119 2094 orator
1170 2027 1233 2092 stis
1255 2025 1317 2093 suit
1343 2026 1450 2108 stola,
1484 2046 1552 2090 non
1574 2024 1714 2090 incessit
1734 2021 1903 2110 palliatus,
1923 2043 2033 2111 neque
2054 2035 2149 2109 toga·

137 2112 227 2196 apud
238 2047 464 2198 'lehucydidem
481 2115 597 2199 inquit,
618 2115 652 2194 ἕξ
674 2113 774 2196 o’ltycc
795 2107 906 2179 πολλᾶε
928 2111 1038 2180 Unum
1059 2110 1119 2179 ali·
1169 2124 1242 2192 tus,
1271 2134 1379 2200 neque
1401 2115 1580 2188 tunicatus,
1602 2130 1688 2196 quae
1710 2121 1783 2174 erat
1804 2129 1978 2176 servorum
1999 2110 2115 2176 vestis.

137 2197 228 2283 quod
260 2209 446 2281 peccatum,
474 2201 563 2285 quod
595 2219 659 2265 nos
690 2211 845 2286 putamus
868 2219 945 2266 esse
967 2219 1119 2284 parvum,
1254 2197 1350 2264 lubet
1383 2213 1493 2266 autem
1515 2207 1611 2282 pater
1632 2194 1742 2260 afferri
1764 2197 1864 2261 etiam
1885 2197 2047 2262 maulam
2092 2193 2148 2260 lus

27 2282 31 2287 ’
137 2281 237 2348 trahit
257 2300 371 2347 secum
392 2285 561 2368 ingentem
581 2286 719 2352 ruinam.
761 2286 838 2351 Non
859 2285 1044 2371 cogitemus
1066 2303 1118 2348 es·
1168 2283 1366 2349 annulorum
1387 2283 1576 2350 hahuerunt
1597 2276 1675 2346 olim
1697 2279 1838 2346 nobiles.
1864 2281 1940 2347 Non
1961 2281 2150 2360 fuitmorls,

138 2385 178 2432 se
198 2387 338 2452 parvum
359 2365 492 2447 malum,
515 2366 683 2435 offendere
705 2368 832 2449 Deum,
857 2371 989 2436 irritare
1011 2369 1119 2435 iustis·
1168 2380 1205 2434 ut
1222 2368 1358 2456 quilibet
1403 2373 1569 2435 romiscue
1591 2377 1739 2453 gestaret
1750 2363 1905 2446 annulos,
1927 2367 1984 2453 qui
2004 2386 2072 2431 noa
2094 2384 2149 2431 es·

136 2453 254 2518 simam
275 2453 359 2517 iram
379 2450 457 2533 Dei,
479 2465 512 2519 et
534 2455 669 2520 turbare
690 2455 889 2525 Ecclesiam.
920 2454 997 2521 Non
1019 2455 1119 2520 debe·
1168 2464 1222 2519 set
1243 2474 1285 2519 ex
1306 2392 1409 2520 nobili
1431 2452 1574 2528 humiliat
1596 2451 1684 2517 sicut
1704 2451 1950 2519 nunctitetiam
1959 2450 2149 2518 iutertheo·

136 2557 212 2604 mus
234 2548 417 2604 extenuare
437 2549 579 2622 peccata
598 2551 727 2621 nostra,
747 2543 834 2607 sicut
853 2538 946 2606 multi
963 2540 1118 2606 initioru-
1149 2536 1279 2627 logos,
1302 2542 1344 2607 de
1366 2542 1487 2627 quibus
1509 2552 1606 2609 vetus
1629 2549 1681 2602 est
1702 2535 1760 2604 ille
1781 2557 1918 2605 versus:

137 2634 209 2702 unt,
230 2643 296 2709 quo
320 2624 413 2690 caeci
430 2627 572 2774 impetus
593 2625 740 2705 trahunt,
761 2637 880 2712 postea
895 2623 1072 2694 haerentes
1084 2625 1118 2690 in

137 2709 268 2795 poenis,
286 2719 451 2775 conantur
485 2729 587 2776 ucare
605 2714 759 2796 peccata:
787 2710 958 2786 Quaerunt
978 2729 1118 2776 excusa·
1206 2706 1352 2777 Clertear
1373 2712 1639 2794 amusement
1659 2714 1709 2773 est
1723 2704 1851 2790 tomas,
1867 2712 1924 2773 cut
1942 2708 2126 2792 praelatae·
2207 2790 2212 2795 .
2269 2803 2275 2813 Ι

137 2793 247 2860 tiones
269 2804 327 2858 aut
349 2795 601 2861 extenuationes
624 2793 819 2863 delictorum
839 2815 988 2861 suorum.

163 2919 164 2923 =
223 2875 262 2942 ln
282 2876 349 2944 isto
371 2879 513 2965 prodigo
530 2882 723 2966 magnitudo
746 2880 872 2946 doloris
894 2881 1040 2947 breviter
1061 2880 1118 2945 de·
1167 2876 1356 2946 Utebantur
1378 2889 1489 2946 autem
1509 2875 1643 2948 annulis
1665 2878 2148 2964 etiamindesponsationibtts‚

138 2962 266 3047 scripta
283 2973 336 3027 est
356 2960 409 3028 his
431 2965 566 3031 verbise
587 2971 660 3034 Non
680 2987 752 3034 cam
773 2969 892 3048 dionae
914 2969 1119 3048 aoecrtfittac
1167 2966 1243 3031 ideo
1276 2964 1417 3032 hahetur
1437 2989 1499 3053 pro
1521 2969 1619 3056 signo
1641 2963 1735 3029 fidei.
1779 2962 1929 3031 Pertinet
1949 2963 2015 3029 huc
2035 2965 2149 3050 igitar,

120 3057 222 3115 ,traua
254 3045 370 3113 Talem
390 3047 647 3119 humiliationem
669 3063 703 3118 et
723 3053 964 3119 subiectionem
983 3053 1120 3138 requirit
1192 3052 1261 3116 uod
1282 3054 1315 3116 in
1342 3052 1434 3118 0sea
1457 3053 1589 3119 dicitur:
1631 3049 1848 3134 Desponscbo
1870 3058 1902 3115 te
1921 3050 2000 3117 milti
2018 3052 2053 3115 in
2072 3050 2153 3138 fide:

138 3132 236 3200 Deus
255 3154 279 3199 a
298 3137 548 3217 peccatoribus.
592 3135 786 3225 Cogitemus
807 3158 911 3223 saepe
927 3139 993 3203 ista
1013 3140 1046 3204 in
1069 3137 1119 3201 in·
1168 3072 1294 3201 Paulus
1316 3139 1464 3204 nominat
1474 3137 1634 3225 Spiritum
1655 3146 1808 3201 sanctum
1830 3136 1978 3217 arrham,
2000 3138 2056 3222 qui
2072 3156 2148 3222 per·

139 3219 327 3285 vocatione.
371 3218 415 3285 Et
447 3222 535 3288 sicut
565 3225 629 3289 iste
660 3225 823 3309 prodigus
846 3225 946 3289 etiam
966 3221 1119 3301 infame,
1168 3223 1261 3289 hibet
1281 3227 1380 3290 nobis
1401 3227 1624 3292 testimonium
1644 3219 1935 3286 reconciliationis.

139 3306 688 3460 ttttqtttttttttttlt
701 3319 1120 3461 ttftrtlttttt‘tt
1170 3306 2049 3462 ...ittitttttttt³ltt¹¹t⁰ttttt⁸¹‘tit
2069 3307 2151 3459 ‚lai

140 3471 212 3540 Ab!
245 3475 393 3560 graviter
412 3438 638 3560 peccavimus,
661 3480 725 3544 sed
746 3490 856 3546 tamen
878 3414 1041 3545 braehus
1063 3439 1120 3564 pa:
1170 3486 1204 3541 in
1225 3481 1340 3560 stiffetn
1360 3502 1494 3562 paupert.
1538 3481 1577 3546 ln
1611 3414 1828 3548 congcio'nibus
1848 3439 2061 3564 Evangelicis
2084 3491 2151 3550 estc

137 3571 236 3640 mem,
257 3563 357 3647 idque
378 3582 439 3646 per
460 3561 578 3630 Filium
598 3564 826 3645 mediatorem,
847 3567 877 3630 is
898 3586 952 3631 me
973 3565 1121 3650 recipiet,
1171 3565 1265 3631 State
1286 3569 1430 3633 calceati.
1464 3567 1541 3635 Non
1562 3565 1634 3635 vult
1655 3574 1750 3650 pater
1771 3562 1873 3629 lilium
1895 3565 2053 3650 deinceps
2074 3577 2153 3631 assa

141 3648 230 3713 sicut
253 3647 421 3713 diciturE
445 3648 517 3714 bes.
530 3649 561 3714 3.
582 3653 650 3716 Per
670 3670 762 3731 quem
781 3655 936 3718 babemus
957 3669 1122 3718 accessum
1172 3652 1326 3733 otiosum,
1359 3655 1436 3739 quia
1458 3655 1560 3720 otium
1582 3655 1667 3740 parit
1694 3650 1789 3717 vtttaz
1834 3662 1884 3729 et,
1904 3650 2053 3712 Hennaea
2073 3649 2157 3712 atili!

135 3751 210 3800 atem
247 3733 375 3814 Maecia
418 3670 481 3800 εει
513 3735 683 3820 emphasis
714 3737 749 3801 in
779 3749 922 3823 utroque
942 3735 1122 3815 vocabulo,
1173 3737 1315 3820 accedo,
1345 3739 1425 3802 male
1455 3761 1549 3821 opere
1580 3741 1712 3803 diseunt.
1757 3732 1848 3800 Nihil
1869 3736 1977 3801 minus
1999 3733 2079 3803 utile
2097 3740 2154 3802 est

90 3818 567 3972 iliillllaihlililiii
587 3817 972 3992 ittltttttltt
989 3823 1122 3891 ..aa
1172 3823 1429 3978 hillidii}
1450 3829 1636 3977 thiat
1651 3821 2152 3992 tibilittlttmdtt·

228 3987 297 4053 lste
318 4009 423 4055 senex
444 3951 563 4076 recipit
583 3989 699 4069 filium,
720 3993 791 4057 acsi
807 4012 1124 4078 nunquampeccas·
1174 4003 1237 4058 tum
1259 3999 1401 4074 otiorum,
1423 3994 1694 4062 carcinomatum.
1738 3990 1819 4058 Vult
1840 3991 1935 4058 Deus
1956 3994 2053 4079 sequi
2080 3991 2153 4064 dlli-

139 4084 206 4142 set.
240 4073 314 4140 lloc
335 4097 491 4162 maguum
512 4088 566 4142 est
588 4077 753 4162 quiddam.
785 4077 895 4144 Homo
917 4098 1022 4164 agens
1044 4079 1124 4164 poe·
1163 4109 1166 4113 ·
1199 4081 1320 4147 entiam
1340 4084 1376 4147 iu
1397 4081 1568 4148 laboribus
1586 4079 1780 4148 vocationis.
1812 4077 2057 4164 lmponithdae
2074 4089 2154 4166 post

142 4160 324 4227 nitentium¹
337 4161 383 4226 ita
406 4172 459 4227 est
480 4173 642 4248 acceptus
657 4160 746 4244 Deo,
768 4166 864 4250 quasi
885 4184 1055 4249 nunquam
1076 4161 1125 4229 la·
1174 4102 1307 4252 lapsum
1329 4166 1481 4234 laborem
1504 4165 1665 4234 colendae
1686 4176 1810 4244 terrae,
1831 4185 1917 4250 quae
1939 4167 2087 4250 paritura
2108 4167 2154 4237 sit
2209 4207 2220 4223 .

144 4265 229 4334 psus
252 4257 353 4312 esset.
391 4245 470 4314 ldeo
492 4248 548 4314 hic
567 4250 666 4316 iubet
680 4261 776 4337 pater
795 4248 915 4316 afferre
935 4249 1069 4329 stolam,
1091 4261 1125 4315 et
1175 4255 1205 4319 ei
1226 4250 1367 4321 tribulos
1388 4265 1423 4320 et
1443 4253 1570 4340 spinas.
1614 4248 1740 4320 Paulus
1762 4252 1860 4319 etiam
1882 4252 1975 4318 dicit:
2019 4251 2152 4334 &rupo

142 4333 276 4419 quidem
307 4331 362 4415 τήν
392 4334 527 4420 πρώτην.
570 4335 740 4403 Potuisset
772 4337 900 4403 diceret
926 4342 1124 4420 pretiosusi·
1173 4342 1299 4422 coapta
1316 4347 1347 4402 et
1367 4342 1401 4401 in
1421 4341 1596 4402 cecitatem
1615 4340 1737 4421 redigo.
1781 4399 1785 4406 .

138 4438 240 4504 mmet,
261 4416 318 4484 vel
337 4423 612 4500 cucumerarium,
634 4432 693 4488 aut
714 4419 811 4489 simili
830 4421 943 4526 aliquo
956 4420 1123 4489 vocabulo
1259 4422 1411 4504 vitulus,
1432 4427 1487 4512 qui
1508 4438 1688 4506 mactatur,
1710 4419 1877 4512 siguificat
1895 4419 2153 4515 immolationem

141 4506 208 4583 uti;
242 4505 304 4571 sed
337 4506 433 4586 dicit,
453 4513 612 4590 primam:
642 4504 749 4574 voluit
771 4529 846 4575 eum
868 4505 1032 4596 singulari
1059 4529 1124 4574 em·
1173 4509 1243 4592 lilii,
1260 4531 1347 4596 quae
1367 4511 1433 4578 lide
1454 4510 1735 4599 apprehendenda
1756 4521 1820 4588 est,
1842 4521 1876 4573 et
1897 4509 1990 4575 initio
2012 4528 2154 4577 couver-

131 4591 242 4679 phasi
275 4592 327 4658 sie
359 4588 468 4679 loqui,
499 4603 537 4659 ut
567 4591 775 4679 significetur
800 4595 894 4661 reddi
914 4595 1012 4662 nobis
1033 4595 1124 4661 dona
1174 4597 1291 4677 sionis,
1313 4608 1348 4662 et
1368 4609 1488 4683 postea
1509 4618 1642 4684 semper
1662 4600 1698 4665 iu
1720 4598 1808 4664 omni
1831 4596 1909 4660 vita.
1952 4593 2075 4684 Cogita
2095 4617 2153 4665 aa·

143 4679 279 4745 amissa.
322 4674 416 4745 Haec
448 4689 528 4744 sunt
558 4679 713 4744 remissio
734 4693 960 4765 peccatorum,
993 4691 1124 4747 etcum
1173 4695 1253 4760 tem,
1283 4693 1409 4768 quanta
1439 4685 1525 4750 haec
1557 4687 1601 4750 sit
1632 4685 1765 4752 bonitas
1786 4681 1869 4760 Dei,
1902 4683 2154 4768 quodpropter

142 4761 356 4844 remissione,
377 4765 547 4848 imputatio
569 4764 724 4843 iustitiae,
745 4777 779 4831 et
800 4787 875 4833 cum
896 4766 1124 4850 imputatione,
1173 4770 1272 4835 istam
1292 4765 1396 4836 lilium
1417 4771 1605 4858 prodigum,
1627 4782 1661 4836 et
1704 4783 1817 4854 ropter
1836 4788 1914 4848 uos,
1935 4770 1992 4855 qui
2013 4770 2044 4834 ei
2065 4769 2153 4837 simi·

145 4849 282 4915 donatio
305 4849 451 4937 Spiritus
472 4852 592 4931 sancti,
624 4850 681 4937 qui
702 4849 838 4918 inchoat
858 4854 893 4918 iu
908 4853 1014 4917 nobis
1031 4856 1125 4922 novi·
1173 4851 1225 4922 les
1246 4874 1377 4935 sumus,
1399 4854 1503 4923 voluit
1523 4857 1663 4923 mactari
1682 4793 1811 4922 hirtum.

144 4945 258 5014 tatem,
280 4955 344 5000 con
371 4947 522 5004 ruentem
543 4957 619 5005 cum
638 4938 784 5023 imagine
792 4935 869 5024 Dei,
890 4939 934 5007 ad
955 4957 1055 5025 quam
1068 4959 1125 5006 su·
1260 4938 1298 5004 ln
1319 4939 1386 5009 fiae
1413 4942 1533 5009 dicitur
1554 4944 1597 5009 de
1618 4941 1719 5006 abac
1736 4941 1805 5022 filio
1828 4938 1970 5021 supuda
2012 4939 2082 5007 lste
2098 4950 2154 5008 est

142 5039 220 5089 mua
240 4958 376 5089 conditi.
1174 5023 1319 5114 populus
1350 5024 1449 5115 legis,
1480 5029 1538 5116 qui
1569 5026 1643 5097 vult
1672 5023 1873 5095 antecedere
1899 5027 2068 5114 gentibus
2108 5026 2154 5103 at
