4620 5588
154 153 224 229 ιιι
804 136 1545 219 annusnscnuruuxasnncn
2108 118 2200 217 ιιι

155 358 223 425 est,
245 343 379 431 qnando
400 336 500 410 alicui
522 340 627 409 multa
648 340 859 420 obiiciantur,
871 340 928 427 qui
950 359 1019 408 nou
1041 359 1143 427 quae-
1166 369 1170 395 ι
1191 347 1452 424 uam,quautum
1488 356 1655 418 assumus,
1668 349 1702 404 et
1719 359 1788 405 non
1805 338 2098 425 possumusseire,
2117 335 2175 403 ubi

155 433 210 510 rit,
231 433 289 494 wie
311 451 345 493 a:
364 431 423 492 nur
441 428 544 513 pedet.
1191 426 1238 491 sit
1253 423 1448 510 prolaturus
1504 427 1584 502 bor:
1606 422 1730 491 alicubi
1746 423 1910 511 proderit:
1931 423 2007 491 Deo
2024 421 2095 489 hoc
2112 423 2175 490 erit
2301 483 2306 498 ,

1191 530 1305 577 curae.
1337 509 1435 577 Sicut
1445 508 1608 576 Salomon
1624 512 1721 580 dicit:
1742 513 1847 579 Mane
1862 521 1894 577 et
1909 519 2039 597 vespert
2052 511 2174 577 somna

280 668 282 672 ,
703 666 709 683 ,
876 672 879 676 ,
1189 617 1296 665 senen
1306 607 1406 677 tuum,
1422 598 1502 682 quie
1517 617 1583 662 oon
1597 601 1674 678 scs's,
1685 600 1994 685 utmocpulluiatum
2003 600 2055 665 sit
2076 597 2174 664 item:

1189 683 1291 749 Mitte
1310 703 1428 769 ponera
1448 684 1483 749 in
1504 705 1622 769 aptos,
1645 694 1753 752 tomen
1773 688 1849 772 inde
1868 685 2002 753 ltubebt‘s
2018 679 2174 767 setectum

157 765 293 871 Quare
323 763 447 877 igliur
476 762 667 876 prohibet
694 757 878 846 Chlisiuo
907 758 1140 847 ooffioiiudl-
1191 767 1309 875 Qualis
1328 780 1380 920 :ist
1403 772 1527 857 typus?
1547 792 1623 876 cum
1639 774 1741 839 mittis
1759 793 1881 859 panem
1897 774 1932 837 in
1951 792 2072 875 aquas,
2091 770 2177 854 perit

400 948 507 1024 nem,
539 948 633 1002 cum
663 917 716 1002 sit
744 916 902 1000 virtus?
1189 875 1499 1028 qqqstqmpqaqqq
1514 859 2175 1027 Pffil¹lisl⁰sl⁶alrmmlilolllfblsoffl

893 1056 898 1081 ·
1189 1027 1277 1096 Dec.
1320 1027 1363 1094 Et
1383 1030 1413 1093 si
1434 1041 1471 1096 tu
1493 1050 1560 1095 non
1582 1032 1676 1098 vides
1697 1032 1943 1117 inpraesentia
1962 1027 2106 1097 iunctum
2125 1024 2174 1094 la·

251 1120 466 1206 Respondeo.
521 1117 600 1184 Alia
634 1129 687 1184 est
719 1115 910 1183 sollicitudo
943 1117 1041 1183 artis:
1074 1114 1141 1182 alia
1190 1118 1282 1182 boris
1314 1117 1372 1196 tui,
1404 1125 1516 1182 tamea
1548 1130 1667 1202 postea
1699 1130 1868 1206 sequetur.
1922 1117 1985 1183 Est
2016 1097 2177 1206 generals

157 1222 211 1278 est
242 1205 434 1273 sollicitudo
471 1203 683 1271 diffidentiae.
729 1202 928 1270 Sollicitudo
961 1203 1044 1269 artis
1077 1214 1142 1282 est,
1189 1214 1405 1289 praeceptum
1428 1203 1470 1267 de
1492 1206 1645 1270 omnibus
1666 1202 1856 1286 laboribus,
1884 1225 1953 1270 non
1981 1215 2109 1269 tantum
2133 1200 2177 1269 ds

156 1296 289 1384 quando
313 1306 349 1358 tu
371 1295 476 1359 debes
494 1294 644 1357 scribere
658 1288 833 1377 epistolam
845 1291 942 1376 patri,
954 1288 1010 1355 vel
1022 1290 1142 1370 amico,
1191 1286 1426 1376 eleemosynis,
1443 1299 1480 1355 ut
1501 1287 1604 1376 aliqui
1624 1301 1860 1378 exposuerunt,
1884 1287 1968 1371 vult,
1990 1301 2025 1357 ut
2045 1308 2176 1355 manea·

155 1394 236 1449 tunc
258 1401 296 1446 es
319 1378 496 1459 sollicitus,
508 1392 543 1443 et
563 1380 593 1443 si
615 1375 748 1444 iaceres
770 1397 900 1453 versus
918 1378 1026 1462 magis
1045 1395 1141 1442 esses
1190 1396 1265 1441 mus
1288 1375 1321 1440 in
1343 1376 1532 1456 vocatione,
1554 1389 1588 1443 et
1609 1381 1781 1463 promittit,
1808 1378 1899 1464 quod
1925 1385 2108 1464 sequentur
2128 1386 2176 1443 ts·

155 1466 333 1536 sollicitus.
378 1466 478 1540 Quod
500 1467 530 1531 si
552 1465 612 1531 tibi
633 1475 801 1530 essentex
826 1464 987 1530 ectaudus
1030 1461 1143 1550 lagae,
1191 1482 1267 1528 men
1290 1464 1465 1527 commoda
1483 1460 1606 1549 aliqua.
1998 1481 2006 1497 ·

156 1555 268 1622 adhuc
289 1553 397 1639 magis
419 1573 515 1619 esses
548 1547 725 1618 sollicitas.
768 1551 783 1614 1
864 1561 916 1615 est
949 1485 1142 1618 sollicitudo
1278 1547 1369 1613 Deus
1382 1549 1534 1632 probibet
1554 1553 1693 1617 nmium:

155 1642 253 1710 artis:
277 1641 376 1705 nobis
399 1639 552 1704 omnibus
578 1637 646 1702 hoc
672 1637 804 1704 accidit.
848 1633 1039 1703 Difficulter
1064 1637 1142 1701 inci·
1281 1637 1457 1721 lopo'noo
1477 1638 1547 1701 cuit
1573 1637 1779 1704 sociabere
1804 1637 1911 1703 mdo:
1942 1653 2051 1721 neque
2082 1644 2177 1700 recte

156 1728 282 1814 pimus:
323 1737 504 1811 postquam
542 1725 751 1810 incepimus,
790 1733 960 1810 utcunque
991 1723 1144 1808 procedit
1194 1718 1332 1789 dicitur:
1355 1722 1486 1808 Stqficit
1507 1723 1576 1787 diei
1594 1725 1729 1792 ποὶἰιίο.

158 1832 255 1899 opus.
300 1811 485 1877 lienander
512 1811 637 1896 inquit,
667 1832 700 1875 se
724 1813 849 1874 invento
877 1817 1059 1891 erpummta
1081 1812 1144 1871 iam
1279 1804 1493 1893 Respondeo.
1534 1806 1669 1896 Duplex
1695 1821 1749 1878 est
1770 1805 1903 1887 malum,
1922 1804 2024 1874 alium
2045 1804 2177 1893 culpae,

158 1897 561 1982 scripsissc'Ccmoedicm.
605 1896 707 1962 Venit
728 1898 835 1981 pictor
857 1897 900 1961 od
921 1893 1087 1980 Apellam,
1110 1907 1144 1961 et
1193 1891 1284 1959 aliud
1306 1915 1447 1981 poenae.
1490 1894 1616 1963 Tenete
1632 1895 1805 1983 puerilem,
1826 1895 1994 1974 usitatam,
2014 1904 2177 1960 etneces·

158 1986 356 2054 excausavit
377 2004 428 2064 se,
452 1986 542 2088 quod
564 1982 789 2070 negligentius
811 1983 994 2068 pinxisset,
1021 1991 1055 2046 et
1076 2002 1144 2047 non
1194 1981 1318 2046 sariam
1341 1980 1600 2065 distinctiopem:
1623 1983 1850 2053 morositatis
1873 1979 1988 2048 fonnis
2002 1978 2178 2067 loquendi:

55 2089 58 2094 ·
157 2074 244 2138 satis
268 2090 370 2139 curae
391 2069 616 2137 adhibuisset:
644 2070 757 2150 Video,
780 2069 885 2156 inquit
906 2066 1059 2154 Apelles,
1081 2090 1146 2130 nan
1196 2076 1231 2134 ut
1263 2064 1321 2132 illa
1355 2070 1561 2134 consuetudo
1593 2071 1628 2139 in
1661 2068 1788 2158 scholis
1820 2069 1945 2136 usitata
1976 2068 2177 2144 retineatur:

157 2168 205 2226 est
227 2179 308 2240 opus
324 2162 388 2219 istc
405 2160 594 2240 praeconio.
639 2155 866 2241 Reprehendit
897 2156 931 2221 in
965 2176 1007 2222 co
1040 2151 1145 2242 negli·
1195 2153 1275 2241 quia
1297 2155 1482 2220 communia
1505 2158 1623 2222 eodem
1651 2158 1751 2224 modo
1774 2155 1928 2242 repetita,
1950 2156 2059 2241 magis
2081 2150 2177 2218 intel·
2269 2214 2272 2219 .

63 2260 67 2271 ’
156 2247 321 2335 gentiam,
347 2255 385 2309 ut
412 2256 466 2310 est
492 2244 593 2331 digna
622 2264 659 2310 re
683 2243 893 2309 rehensione.
945 2222 1144 2309 Sollicitudo
1194 2238 1355 2328 ligantur.
1399 2240 1553 2308 Christus
1587 2265 1654 2309 non
1686 2241 1832 2331 loquitur
1864 2243 1908 2307 de
1935 2236 2024 2307 malo
2047 2238 2178 2324 culpae,

156 2334 240 2400 artis
261 2351 331 2395 non
353 2341 406 2395 est
426 2266 682 2416 prohibitasctl)
721 2339 900 2414 raecepta.¹
928 2327 1054 2396 Verum
1077 2324 1145 2394 sol·
1195 2347 1263 2393 non
1284 2324 1357 2393 vult
1377 2348 1441 2393 nos
1463 2349 1561 2395 ruere
1583 2332 1616 2395 in
1636 2341 1787 2417 peccata,
1808 2326 1862 2396 vel
1872 2328 2015 2393 retinere
2025 2337 2178 2412 peccata.

157 2414 297 2485 licitudo
321 2411 535 2497 diffidentiae,
558 2428 612 2482 est
635 2429 794 2504 cogitare,
806 2416 896 2503 quod
917 2435 985 2495 nou
1007 2416 1056 2481 sis
1068 2413 1144 2480 Deo
1195 2413 1264 2479 Sed
1296 2413 1362 2480 hoc
1395 2411 1467 2481 vult
1499 2416 1625 2481 dicere:
1658 2414 1815 2491 Quolibet
1847 2415 1902 2481 dic
1928 2414 2012 2479 satis
2032 2411 2178 2479 {uturum

61 2557 64 2563 .
158 2525 272 2584 curae,
293 2502 411 2591 lugere
423 2503 544 2583 Deum,
556 2516 590 2569 et
607 2499 750 2570 fremere
761 2504 925 2569 adversus
947 2522 1034 2568 eum.
1070 2499 1144 2567 Hoc
1196 2498 1436 2580 difficultatum,
1458 2500 1695 2587 periculorum,
1716 2503 1869 2569 laborum
1885 2512 1918 2566 et
1934 2520 2177 2571 aerumnarum.

66 2605 69 2615 ·
156 2612 313 2678 magnum
335 2602 511 2674 peccatum
535 2602 597 2669 est,
611 2585 775 2656 et‘tamen
800 2608 985 2656 commune.
1018 2588 1144 2654 Omnes
1195 2598 1234 2655 ut
1254 2608 1370 2653 verum
1397 2598 1465 2653 est:
1500 2586 1638 2676 quilibet
1671 2590 1744 2657 dies
1776 2588 1880 2655 habet
1907 2607 1990 2653 suos
2023 2585 2177 2652 labores:

155 2677 320 2744 hebemus
351 2675 477 2762 aliquid
503 2678 600 2743 istius
627 2675 882 2755 sollicitudinis,
909 2671 966 2741 vel
993 2673 1145 2741 diiiiden·
1194 2694 1259 2739 vos
1280 2671 1515 2741 adolescentes
1536 2678 1684 2742 nondum
1704 2673 1843 2743 multum
1864 2674 2005 2760 curatis,
2037 2692 2102 2738 nos
2124 2691 2180 2738 se·

156 2765 237 2832 tiae:
260 2763 343 2838 Quis
366 2765 444 2841 scit,
467 2784 511 2831 an
533 2762 628 2829 Deus
650 2766 695 2829 sit
714 2783 768 2829 me
791 2758 1004 2840 defensurus,
1027 2763 1057 2826 si
1078 2759 1145 2828 boc
1169 2801 1172 2823 .
1195 2780 1258 2826 nes
1291 2762 1439 2847 quotidie
1468 2764 1675 2848 experimur,
1698 2775 1736 2830 ut
1765 2763 1917 2839 Graecus
1945 2780 2067 2828 versus
2099 2758 2182 2825 dicit

39 2852 52 2865 ⁹
154 2848 302 2918 focium?
321 2849 357 2916 Si
379 2846 520 2915 voluero
542 2849 693 2934 profiteri
719 2848 915 2927 veritatem,
948 2848 1078 2914 veniam
1109 2850 1145 2914 in
1198 2846 1422 2935 Φίβοῢγῆρας·
1445 2847 1480 2912 οὗ
1498 2848 1557 2938 γὰρ
1581 2852 1699 3010 {xatas
1715 2851 1817 2933 μόνον.
1839 2849 1937 2916 Item:
1954 2846 2085 2927 Nescio,
2100 2846 2181 2932 quid

156 2937 282 3016 odium,
305 2932 472 3021 expellar:
495 2956 612 3003 omnes
645 2955 762 3005 sumus
789 2931 997 3014 imbecilles,
1028 2934 1145 3001 uthis
1194 2953 1313 3018 vesper
1333 2955 1429 3001 εοιιιο
1449 2936 1563 3003 celat:
1622 2937 1745 3004 cotidie
1776 2948 1854 3004 sunt
1885 2933 1998 3022 aliqua
2029 2930 2181 3022 pericula

157 3024 255 3090 aunis
277 3022 398 3088 accidit
421 3020 534 3089 multis
556 3023 805 3108 praestantibus
828 3023 920 3087 viris.
964 3019 1026 3090 illa
1051 3018 1144 3087 solli·
1195 3022 1390 3102 metuenda,
1422 3033 1460 3089 ut
1493 3023 1622 3090 videtis.
1666 3022 1768 3089 Mane
1801 3021 1922 3111 aliquis
1953 3033 2048 3105 recte
2078 3018 2180 3101 valet,

52 3109 83 3185 J
158 3108 270 3178 citudo
292 3120 347 3174 est
369 3106 563 3175 diiiidentiu.
608 3106 680 3175 Cor
701 3109 847 3175 debebat
868 3106 1145 3188 considarcho,
1195 3108 1331 3192 vesperi
1358 3121 1511 3174 mortuus
1537 3121 1599 3176 est.
1644 3109 1731 3186 Quid
1764 3122 1816 3178 est
1843 3110 2004 3177 incertius
2030 3110 2099 3176 vita
2119 3107 2179 3173 hu-

155 3207 250 3263 recta
270 3194 396 3276 facere,
419 3207 452 3261 et
474 3205 654 3280 expectare
675 3192 834 3264 auxilium
856 3196 1013 3275 divinum,
1025 3207 1059 3261 et
1075 3215 1145 3260 nou
1195 3194 1315 3261 mana?
1357 3192 1414 3261 De
1435 3193 1500 3263 illis
1523 3197 1755 3264 communibus
1780 3197 1947 3264 aerumnis
1970 3208 2005 3263 et
2025 3193 2180 3263 afflietio·

156 3281 333 3349 discedere
356 3285 399 3348 ab
424 3282 549 3364 officio,
572 3302 634 3349 seu
654 3284 698 3350 ab
722 3304 783 3363 eo,
809 3283 901 3368 quod
929 3284 1063 3349 vocatio
1084 3304 1145 3368 po·
1195 3282 1294 3347 nibus
1316 3282 1396 3348 dicit
1417 3282 1591 3351 dominus:
1618 3279 1750 3372 Sufficit
1768 3281 1924 3372 afflictio:
1950 3285 1985 3350 id
2016 3293 2081 3363 est,
2112 3301 2178 3350 vos

156 3366 272 3436 stulat.
317 3368 387 3435 Sed
409 3388 473 3434 nos
496 3370 700 3456 cogitamus:
718 3367 885 3435 Fortasse
893 3388 960 3435 non
984 3389 1022 3435 cs
1045 3388 1146 3434 curae
1196 3369 1278 3435 estis
1300 3364 1396 3449 fatui,
1417 3389 1486 3437 non
1511 3368 1617 3438 intelli
1643 3372 1713 3453 iis,
1741 3373 1872 3460 quantis
1893 3371 2036 3439 miseriis
2058 3379 2180 3436 nature

155 3453 242 3524 Deo.
284 3454 381 3522 Deus
400 3458 536 3523 deseret
557 3468 601 3537 te,
623 3458 739 3523 venies
761 3455 796 3521 in
818 3454 984 3542 pericula,
1012 3457 1049 3522 in
1077 3456 1144 3542 qui·
1195 3454 1340 3521 bumana
1361 3456 1406 3522 sit
1429 3470 1576 3524 onerata.
1619 3393 1658 3524 ld
1720 3479 1789 3524 non
1812 3457 1978 3526 cumulate
1998 3458 2098 3523 vobis
2119 3455 2179 3522 mi·

155 3544 220 3610 bus
243 3540 340 3609 Deus
375 3544 433 3609 tibi
466 3564 535 3609 non
568 3541 794 3630 opitulabitur.
838 3541 914 3608 Hoc
945 3555 999 3611 est
1026 3554 1145 3610 contm
1166 3520 1172 3682 Ι
1194 3543 1314 3625 serias,
1344 3555 1382 3609 ut
1402 3542 1451 3610 iiii
1474 3543 1655 3626 cumulant,
1688 3547 1745 3632 qui
1776 3546 1904 3612 addunt
1934 3542 2179 3612 sollicitudines

90 3663 93 3669 ·
154 3626 248 3699 illum
271 3650 422 3698 versum:
468 3628 657 3696 Commenta
689 3630 762 3696 Dec
794 3632 876 3691 οἰαοι
908 3637 1001 3693 taam
1045 3630 1143 3694 item:
1193 3650 1261 3696 non
1282 3629 1520 3696 necessarias.-

147 3714 251 3778 ,Iecte
272 3738 366 3778 curos
386 3724 458 3780 tuos
479 3721 513 3780 ia
534 3717 723 3798 Dominum,
756 3726 788 3782 et
808 3715 865 3781 illc
891 3725 924 3782 te
944 3716 1143 3785 semaco.
1280 3714 1420 3784 Plautus
1442 3718 1562 3804 inquit:
1593 3718 1706 3786 Bonus
1732 3718 1858 3784 comm
1885 3718 1921 3785 t'tt
1945 3718 2105 3795 remulo,
2128 3710 2180 3781 ἀί·

155 3801 264 3870 Recta
284 3800 399 3883 facito,
419 3816 453 3868 et
475 3805 673 3888 commenda
696 3803 772 3870 Deo
796 3804 917 3870 exitus.
1192 3802 1326 3869 cnidium
1348 3813 1398 3871 est
1416 3807 1504 3871 ποὶἰ,
1548 3803 1650 3873 Weuo
1671 3807 1760 3870 οἰοον
1780 3806 1872 3870 caea
1885 3813 1982 3891 pratea
2002 3803 2091 3870 nats
2111 3800 2179 3886 bai,

242 3889 373 3955 Videtis
380 3936 391 3970 ,
425 3892 537 3975 quanti
569 3888 718 3968 labores,
752 3900 877 3977 quanta
907 3887 1077 3976 pericula,
1111 3900 1144 3955 et
1194 3891 1327 3977 quando
1373 3892 1424 3956 uis
1447 3913 1521 3956 cum
1544 3894 1632 3957 bona
1650 3893 1854 3958 conscientia
1869 3893 2003 3977 patitur,
2024 3911 2062 3959 so
2076 3889 2179 3955 wirds

155 3977 339 4045 certamina
360 3977 573 4062 impendeant
594 3978 627 4042 in
649 3976 846 4056 Ministeric,
874 3976 908 4040 in
926 3975 1062 4062 publica
1084 3997 1144 4062 gu·
1192 3976 1328 4043 ambi
1365 3978 1450 4045 beo
1476 3977 1632 4056 sedweer,
1659 3977 1747 4043 οὐδὲν
1773 3977 1905 4061 πάσχεις
1942 3975 2045 4056 κακὰν,
2073 3972 2111 4043 ἂν
2133 3970 2177 4057 μή

51 4131 53 4134 ,
153 4063 362 4129 bernatione.
407 4061 544 4129 Plurimi
554 4061 686 4150 fugiunt
707 4061 766 4129 iila
776 4060 944 4147 pericula3
962 4064 1061 4147 pauci
1083 4084 1142 4129 vo·
1192 4071 1370 4151 προσποιεῖ.4
1408 4062 1541 4130 Deccie
1560 4065 1651 4134 uicit
1668 4066 1791 4148 dorum
1810 4086 1848 4131 so
1868 4065 1940 4133 taut
1957 4085 1993 4131 cs
2013 4064 2070 4130 dir
2090 4061 2183 4131 meir
2262 4139 2266 4147 ¹

154 4145 228 4214 lunt
263 4150 394 4214 discere
417 4151 604 4217 doctrinam
627 4147 819 4215 Ecclesiae:
858 4146 955 4215 Multi
988 4149 1143 4216 abiiciunt
1191 4149 1285 4218 aene

154 4236 301 4301 studium
323 4234 578 4317 Theologicum:
611 4234 731 4303 nolunt
763 4236 835 4302 fieri
869 4238 1143 4304 concionatores:

154 4319 244 4396 Quid
268 4340 344 4407 ego,
367 4323 529 4409 inquiunt,
559 4325 638 4389 inde
669 4342 834 4410 assequar
853 4324 888 4388 in
911 4324 1012 4389 tontis
1035 4333 1143 4390 certa·

153 4409 299 4477 minibus
333 4419 366 4473 et
397 4410 505 4476 odiis?
547 4411 696 4477 incidam
727 4412 762 4475 in
794 4430 917 4498 magna
949 4410 1143 4491 certamina,

153 4506 276 4581 postea
297 4515 366 4559 non
388 4509 506 4578 potero
529 4498 708 4578 sustinere,
725 4497 786 4561 sed
808 4497 987 4583 opprimar·
1303 4481 1527 4588 Quomodo
1556 4484 1605 4568 fit
1633 4483 1698 4569 ille
1727 4484 1860 4570 bonus
1892 4482 2076 4570 animus?

242 4581 399 4664 qucpcn
420 4585 465 4646 t'st
484 4583 699 4665 percbrieben:
725 4584 832 4647 lustu:
858 4591 895 4646 ut
917 4582 1027 4665 palma
1046 4583 1143 4663 llere·

154 4666 211 4732 dit.
256 4666 373 4734 Palma
391 4669 488 4747 dicit:
510 4672 589 4756 quia
609 4668 722 4757 palma
743 4671 893 4756 assurgit
913 4682 1143 4748 contraonus,
1280 4665 1362 4733 Fide
1383 4670 1418 4734 in
1438 4666 1569 4735 Deum:
1590 4667 1690 4748 Nam,
1718 4669 1776 4752 qui
1794 4669 1960 4755 confidrmt
1981 4669 2017 4733 iu
2036 4665 2179 4733 Damno

152 4748 257 4821 babet
276 4757 477 4821 contrariam
498 4770 650 4823 naturam
662 4758 815 4822 omnibus
833 4758 1024 4823 arboribus.
1045 4754 1145 4820 Aliae
1194 4754 1280 4821 οἰοιοῖ
1297 4774 1388 4821 motis
1408 4755 1501 4834 Sion,
1521 4775 1587 4821 cort
1606 4756 1890 4822 cotumoocbuotur.
1928 4754 1974 4826 So
1991 4751 2062 4837 test
2079 4752 2183 4820 stebet

152 4860 211 4906 res
234 4853 394 4906 oneratae
423 4844 556 4924 cedunt,
583 4845 779 4923 subsidunt,
807 4840 918 4928 palma
940 4842 1144 4922 intumescit,
1195 4844 1248 4907 ein
1268 4840 1407 4922 saleim,
1438 4844 1497 4906 us'e
1528 4843 1590 4908 der
1620 4841 1712 4927 Bery
1743 4841 1836 4907 Sion.
1880 4841 1977 4908 item:
2008 4844 2085 4906 Poe
2111 4839 2182 4905 Dei

140 4930 191 4992 'et
218 4929 361 5014 insurgit
390 4940 509 4995 contra
541 4951 638 4997 onus.
682 4929 780 4996 item:
814 4929 916 4994 Dabit
945 4932 1083 5010 frustm
1109 4931 1145 4991 in
1186 4935 1309 5013 ¹repetet
1335 4929 1373 4992 t'n
1404 4929 1556 4996 cordibu
1577 4935 1706 4995 cestris.
1750 4927 1847 4994 item:
1882 4928 1948 5007 Qut
1980 4927 2113 5014 confidit
2143 4928 2179 4991 ιἰι

154 5019 294 5095 tempore
316 5036 383 5081 ιιιο.
429 5013 554 5084 Paulus
589 5018 688 5084 dicit:
720 5014 830 5080 Labor
861 5023 963 5079 cester
988 5037 1052 5079 stou
1084 5017 1145 5079 ert:
1195 5014 1350 5094 Domitio,
1371 5035 1437 5081 nott
1457 5012 1681 5099 confundetur.
1702 5010 1816 5081 'lllnm
1837 5014 1992 5081 fiduciam
2020 5010 2092 5081 vult
2119 5033 2178 5098 op·

152 5101 260 5165 tuente
280 5102 474 5168 ιἰιῦοιιιοιο.
505 5105 820 5196 Nospropagamus
839 5100 1146 5185 litoraqatdootri·
1196 5102 1277 5189 poni
1299 5098 1522 5172 sollicitudini
1564 5102 1645 5169 ideo
1667 5101 1763 5168 dicit:
1795 5100 1872 5168 Non
1894 5097 2060 5170 cumulum
2079 5101 2178 5169 mise·
