4620 5588
152 430 208 497 los
225 439 355 501 monett
377 436 411 492 et
432 423 557 492 Paulas
579 423 700 509 iuquit:
729 419 857 482 Verbum
879 419 943 481 Dst
963 418 1083 480 habitet
1099 420 1134 480 in
1224 406 1230 423 ⁴

50 524 55 535 '
152 519 241 582 cotis
262 515 464 577 abundanter.
510 509 571 576 illo
593 512 659 577 duo
672 520 806 592 oportet
827 525 891 571 noe
913 507 1132 592 coniungere:

153 625 187 667 es
206 607 280 666 soirt
301 602 352 663 ilie
372 602 477 680 isuper
497 598 547 660 itte
567 596 720 660 satana
740 594 873 656 wndeu.

241 690 305 752 Hie
327 688 434 770 humpt
455 688 506 747 ein
528 686 697 772 quaestio:
1085 712 1088 723 ·

241 775 398 855 Quaero,
431 795 474 837 eu
506 769 636 838 licuerit
656 767 871 835 hieccobeois
893 766 1050 832 dimicare
1070 783 1133 850 pro

155 859 278 947 templo
303 874 419 926 corrtre
440 858 694 945 blagistratuuti
743 855 864 919 Annon
897 852 1053 918 Christus
1086 852 1134 915 di·

156 951 217 1014 citt
242 949 328 1013 Date
351 946 492 1018 Caesari,
508 964 589 1027 qtsns
609 951 682 1007 ssent
704 941 872 1020 Cameris,
889 961 954 1006 uec
976 938 1134 1022 permittit

154 1036 285 1103 ludaeis
302 1053 453 1120 pugnare
475 1044 593 1098 contra
615 1027 808 1095 Romanos?

250 1119 461 1206 Respondeo.
525 1118 601 1182 Fuit
632 1136 752 1202 magna
785 1109 1016 1179 dissimilitudo
1048 1109 1135 1176 inter
1200 1135 1201 1138 ¹

155 1208 355 1273 Antiochum
377 1218 411 1271 et
433 1205 613 1271 Romanos.
658 1199 846 1267 Antiochus
873 1201 961 1265 euitu
991 1209 1132 1264 conatus

155 1305 208 1361 est
229 1293 344 1359 delere
366 1289 500 1359 cultum.
543 1290 618 1356 Fuit
639 1302 749 1355 autem
771 1286 819 1353 illi
842 1284 967 1375 pupulo
997 1283 1133 1348 tutantia·

154 1393 235 1460 tum,
258 1392 295 1446 ut
310 1390 483 1467 ¹pugnaret
508 1398 570 1464 pro
593 1373 694 1444 cultu.
737 1374 781 1440 Et
808 1373 931 1440 Daniel
981 1368 1134 1457 ropheta-

154 1477 250 1534 veret
283 1462 356 1531 lore
384 1463 599 1531 auxiliatores
632 1465 666 1528 iu
687 1459 815 1542 lsrael,
849 1472 883 1526 et
915 1395 1061 1525 deletum
1093 1456 1134 1522 iri

153 1552 357 1619 Antiochum
379 1564 457 1637 post
479 1552 663 1616 triennium.
719 1549 862 1615 Romani
892 1567 960 1611 non
993 1541 1135 1611 sustule-

153 1652 231 1704 runt
254 1637 397 1720 cultum,
424 1639 491 1705 imo
514 1638 743 1703 concedebant
763 1634 942 1716 αὐτοιομιαν
973 1635 1007 1698 in
1042 1629 1134 1696 culti·

154 1726 239 1792 bus.-
261 1745 344 1809 ergo
366 1744 435 1789 trun
457 1735 529 1791 erut
550 1720 617 1789 illis
640 1737 757 1788 contra
780 1722 950 1786 Romanos
972 1716 1135 1805 proelian-

154 1812 243 1876 dum.
287 1797 359 1873 Das
380 1814 425 1872 ist
456 1807 649 1897 principalis
682 1806 923 1875 dissimilitudo.
978 1805 1053 1871 iluo
1080 1824 1136 1869 ao·

155 1900 260 1964 cessit
292 1896 357 1963 hoo
386 1918 537 1984 quoquc:
581 1896 775 1962 hlaocubaei
807 1895 961 1960 sciebant
988 1893 1136 1958 nondum

154 2002 233 2050 essa
264 1983 365 2050 finem
397 1983 510 2069 populi
543 1983 649 2049 istius.
703 1980 746 2047 Et
772 1976 894 2047 Daniel
926 1980 1137 2067 peraedisoret

154 2080 283 2136 tantum
305 2071 478 2135 triennium
501 2065 575 2136 sore
596 2067 721 2135 idolum
742 2066 932 2153 intemplo,
955 2079 990 2132 et
1017 2064 1137 2130 deinde

153 2158 416 2241 recuperandum
440 2176 528 2225 esse.
573 2155 666 2235 ltem,
687 2154 831 2242 emplius
853 2155 1066 2242 praedixerat
1094 2151 1137 2215 de

154 2263 294 2310 numeru
315 2263 492 2324 annornm,
513 2242 646 2330 quando
671 2240 827 2309 Christus
854 2260 1019 2327 passurus
1043 2249 1137 2302 assiu

154 2329 189 2393 in
211 2331 295 2393 urbe
313 2327 507 2408 ierusalem,
528 2337 638 2393 stante
659 2327 770 2395 adhuc
802 2325 929 2415 politia.
973 2323 1026 2409 titt
1058 2322 1136 2389 anni

154 2416 301 2477 nondum
325 2426 421 2480 eraut
443 2413 610 2499 completi.
655 2414 784 2499 Patres,
806 2416 862 2501 qui
885 2414 1039 2479 vixerunt
1057 2422 1137 2476 tent·

155 2518 238 2584 pore
260 2497 406 2579 Christi,
436 2512 613 2585 potuerunt
640 2500 757 2567 videre
788 2501 872 2567 istas
905 2500 1069 2579 noser-tas,
1103 2508 1138 2562 et

157 2579 385 2651 crudelitatem
407 2585 576 2652 Antiochi.

244 2670 332 2737 lstae
354 2670 513 2738 historiae
539 2689 643 2758 saepe
675 2683 754 2740 sunt
785 2672 973 2763 legendae,
1004 2682 1041 2738 ut
1072 2690 1136 2736 nos

72 2764 87 2775 ‘
157 2755 477 2840 commonefaciant,
507 2771 545 2828 ut
576 2761 680 2826 tinus
712 2762 865 2828 modesti.
907 2762 940 2825 a.
973 2758 1018 2824 Ut
1040 2761 1138 2825 etiem

156 2845 392 2917 eouhrnemue
413 2869 478 2916 noe
500 2860 619 2919 contra
639 2849 748 2916 tristia
769 2845 985 2936 spectacula,
1014 2856 1049 2912 et
1069 2866 1138 2911 non

156 2940 344 3023 mghesnoa
365 2958 430 3004 nos
451 2957 519 3005 nou
541 2955 620 3004 esse
641 2933 857 3017 Ecclesiam,
890 2954 964 3002 oum
992 2936 1038 2999 sit
1060 2929 1139 2998 dile·

156 3024 281 3090 ceretio
305 3025 498 3090 miserrime.
542 3023 697 3129 Cogitate
718 3022 927 3109 Scipionem,
950 3019 1139 3108 Polybium,

156 3120 191 3175 et
212 3107 299 3177 alios
321 3113 503 3197 sepientes.
557 3108 609 3175 llh
641 3111 789 3176 riserunt
816 3121 1065 3196 praetereuntes
1088 3105 1138 3170 lu·

157 3197 286 3276 damur,
309 3218 383 3262 cum
407 3199 607 3264 audiverunt
627 3216 689 3263 eos
711 3193 872 3285 gloriari,
905 3215 944 3261 se
975 3215 1053 3261 esse
1075 3191 1139 3259 Eo·

156 3278 293 3345 clesiam
317 3280 392 3361 Dei,
415 3304 490 3349 cum
508 3295 617 3348 tamen
638 3302 705 3348 non
729 3293 834 3360 esset,
866 3278 1009 3366 populus
1038 3281 1138 3345 mise·

157 3366 237 3429 rior.
282 3363 403 3432 Cicero
424 3387 487 3452 pro
508 3367 635 3434 Flacco
653 3369 781 3434 deridet
801 3365 996 3432 ludaeorum
1005 3364 1139 3452 religio·

51 3478 60 3485 ·
158 3471 247 3526 nem,
270 3471 343 3515 cum
362 3454 415 3516 sio
432 3466 698 3537 argumentator:
749 3453 893 3515 Vistcrnsu
926 3474 979 3514 eos
1011 3474 1077 3515 esse
1105 3453 1139 3512 in

153 3545 317 3623 potestate
336 3536 497 3601 Rornae.-
518 3560 595 3622 erpo
612 3541 812 3622 sequnntur
833 3560 854 3600 a
874 3560 931 3601 suo
953 3538 1035 3605 Deo.
1069 3536 1138 3601 Res

843 227 1064 298 Postume
1084 220 1488 293 tumultuamini.

2102 218 2173 327 Ψ

1393 412 1496 480 Aliud
1517 411 1776 499 Argumentum:

1316 549 1367 616 An
1398 558 1482 613 secte
1511 504 1860 628 seceriut’lllaceuboei
1890 552 2070 616 resistentes
2100 546 2168 612 Ass·

1316 637 1479 787 Potldsctlrli
1498 744 1562 786 reon
1583 730 1630 786 est
1641 722 1856 802 resistendum,
1871 726 1927 785 wie
1940 720 2168 804 Peutrtssupt:

1361 811 1431 918 (2]ιίι
1449 814 1570 873 resistit
1591 814 1765 893 potestati,
1800 810 1864 873 Dei
1891 808 2090 872 ordissutt'otti
2118 827 2168 870 re·

1315 905 1488 1047 Analibldlius
1525 990 1593 1048 erat
1621 989 1784 1065 potestas,
1814 989 1844 1046 et
1874 981 2030 1099 Dmnirrus
2052 980 2168 1046 tedas

1315 1093 1491 1238 ffipqrpupbn
1508 1156 1574 1235 fuit
1595 1158 1627 1217 ei
1647 1154 1870 1222 resisteretur:
1896 1173 1959 1216 nou
1976 1154 2043 1233 fuit
2060 1145 2168 1236 sapei·

1319 1327 1323 1341 ⁶
1359 1244 1468 1306 temdus
1485 1246 1589 1320 ermis.

1271 1380 1457 1447 Hieremias
1481 1392 1555 1446 erat
1575 1380 1745 1460 itomator,
1769 1388 1807 1447 ut
1828 1377 1995 1446 Zedekias
2016 1397 2086 1443 non
2100 1377 2167 1444 «de-

1185 1469 1300 1536 ficeret
1323 1490 1341 1534 e
1364 1489 1445 1554 roge
1466 1464 1686 1555 Babylonico.

1272 1555 1472 1641 ltespomtco
1496 1556 1539 1619 ad
1561 1554 1739 1619 Minorem:
1773 1552 1962 1618 Antiochus
1994 1571 2063 1617 non
2090 1556 2166 1615 erat

1185 1653 1348 1728 potestus.
1394 1638 1470 1727 lpse
1492 1640 1603 1706 adhuc
1626 1642 1766 1728 gerebat
1788 1637 1910 1705 bellum
1933 1660 2007 1703 cum
2030 1635 2089 1703 illo
2153 1668 2167 1687 ·

1185 1726 1277 1814 palo,
1298 1749 1366 1792 non
1390 1740 1463 1793 erat
1485 1726 1646 1793 Dominus
1669 1727 1768 1792 istius
1795 1723 1922 1812 populi,
1944 1745 2053 1812 neque
2076 1659 2166 1790 ulltls

1187 1818 1293 1899 potuit
1315 1835 1394 1880 esso
1416 1814 1587 1893 domiuus,
1609 1815 1665 1901 qui
1688 1811 1821 1879 delebat
1843 1809 1978 1879 cultum.
2023 1809 2167 1877 llomeui

1186 1898 1391 1986 reiiquerunt
1413 1898 1591 1980 αὐτονομίαν
1613 1901 1645 1965 iu
1662 1894 1751 1965 cultu
1764 1897 1953 1987 inpopulo;
1975 1897 2166 1962 Antiochus

1186 1990 1229 2048 ist
1252 1992 1293 2047 tm
1317 1986 1400 2049 sceris
1420 1994 1547 2069 penest,
1569 1987 1716 2052 nondum
1737 1984 1799 2050 tuit
1821 1987 1991 2051 dustrinust
2024 2005 2108 2070 ergo
2131 1981 2168 2050 it-

1187 2075 1254 2139 cuit
1275 2094 1350 2139 eum
1372 2070 1554 2156 repellerc3
1583 2074 1661 2158 quia
1682 2073 1746 2138 iste
1769 2070 1912 2158 populus
1935 2069 2049 2136 habuit
2071 2091 2169 2136 man-

1188 2161 1313 2246 datum¹
1329 2157 1518 2246 expellendi
1545 2173 1703 2225 externos
1733 2157 1869 2239 hostes,
1892 2158 1949 2244 qui
1968 2154 2092 2224 cultum
2114 2157 2167 2221 dc·

1181 2247 1372 2330 struebant.
1417 2246 1487 2311 Sed
1520 2247 1551 2310 in
1585 2243 1642 2310 tali
1677 2246 1848 2323 servitute,
1881 2245 1938 2310 ruhi
1967 2240 2076 2310 cultus
2100 2262 2169 2308 non

1188 2331 1374 2410 delebatur,
1395 2333 1441 2398 ibi
1462 2328 1586 2397 licebat
1607 2329 1730 2419 aliquid
1753 2328 1853 2410 lcrre,
1874 2341 1911 2396 ut
1928 2330 1992 2395 sub
2005 2329 2166 2395 Romanis

1189 2431 1222 2485 et
1244 2415 1432 2485 Chaldaeis.
1479 2417 1515 2483 Si
1537 2417 1677 2482 Rotnani
1701 2416 1906 2482 delevissent
1928 2413 2066 2496 cultum,
2089 2428 2169 2481 tuno

1187 2504 1330 2572 fuissent
1351 2506 1449 2570 etiam
1476 2501 1678 2591 repellendi3
1711 2524 1774 2569 nos
1808 2504 1873 2568 iam
1905 2502 2065 2567 debemus
2086 2502 2170 2567 resi·

1188 2606 1279 2658 stete
1311 2590 1527 2657 confessione
1555 2590 1717 2678 tyrannis,
1751 2610 1818 2656 non
1852 2590 2012 2654 debemus
2047 2604 2170 2674 capere

1187 2698 1292 2757 arma,
1315 2680 1395 2765 quio
1415 2676 1571 2745 Ecclesia
1592 2698 1660 2743 non
1683 2687 1736 2742 est
1757 2689 1895 2743 externa
1912 2674 2038 2762 politia.

1274 2764 1476 2851 Disputatur
1507 2767 1572 2831 iam
1594 2785 1615 2829 a
1637 2761 1763 2829 multis:
1797 2783 1877 2825 were
1911 2782 1944 2824 ss
1971 2758 2059 2824 reicit
2087 2763 2181 2840 tun..

1189 2853 1264 2915 dass
1285 2872 1356 2914 suun
1377 2852 1438 2914 den
1459 2850 1611 2931 Biscltoff
1620 2872 1656 2912 nt
1681 2848 1770 2912 liter
1791 2853 1922 2931 osningi,
1945 2849 2004 2910 der
2024 2849 2108 2909 scisse
2125 2848 2170 2909 ei·

1187 2960 1265 3022 perse
1285 2939 1350 3001 lesit
1370 2939 1505 3020 detepert
1525 2937 1604 3001 tutt
1627 2935 1742 2999 Nestus
1766 2945 1848 3000 essct
1872 2937 2035 3001 innatans
2055 2937 2103 2997 tre
2125 2932 2171 2996 nd

1193 3027 1351 3099 trevirim,
1374 3033 1406 3087 et
1426 3025 1560 3089 liberere
1579 3023 1684 3088 urbem
1706 3023 1893 3087 obsidione?

1275 3113 1417 3180 Contra:

1254 3244 1258 3249 '
1317 3233 1416 3339 Nema
1449 3231 1541 3294 debet
1572 3232 1726 3314 impedire
1758 3231 1853 3294 alium
1886 3233 1919 3290 iu
1952 3252 2011 3292 suu
2038 3228 2169 3292 insistis·-

1317 3327 1500 3485 Epcitslddlplsls
1520 3400 1614 3465 tutet
1633 3402 1681 3463 ibt
1701 3422 1787 3465 suum
1808 3401 2076 3465 iurisdietionem:
2157 3394 2160 3399 ⁴

1317 3489 1407 3570 Ergo
1428 3511 1491 3551 eron
1513 3495 1560 3550 est
1583 3488 1807 3571 impediendus.
2238 3507 2243 3516 ·

159 3625 332 3691 secundae
352 3646 512 3691 exornem
534 3624 695 3708 hominen,
723 3624 889 3691 edumas
910 3627 1140 3691 existimentur
1274 3624 1476 3713 Respondeo
1499 3626 1542 3691 ed
1563 3622 1742 3691 Maiorem:
1770 3624 1878 3690 Nemo
1903 3627 2002 3692 debet
2023 3626 2102 3709 (nisi
2125 3624 2171 3692 di·

159 3732 240 3778 esse
260 3713 359 3798 signe
381 3714 452 3777 irae
473 3712 557 3790 θεὶς
578 3724 613 3779 et
634 3722 712 3780 sunt
728 3716 839 3794 etiam,
861 3714 923 3778 sed
945 3716 1053 3777 sancti
1075 3711 1140 3775 sci·
1189 3715 1312 3782 vinitas
1335 3726 1475 3779 voeatus
1497 3708 1623 3797 luerit),
1652 3710 1702 3773 nis
1728 3711 1790 3775 rlns
1806 3716 1851 3774 ist
1871 3714 1927 3774 mit
1947 3712 2016 3774 stem
2039 3713 2171 3778 blatea»

159 3813 218 3877 unt
239 3800 348 3884 porsiri
370 3812 522 3886 peccata,
537 3812 572 3864 et
587 3811 697 3866 nmen
720 3819 789 3864 non
811 3799 1003 3885 desperent.
1047 3797 1140 3882 lutpii
1191 3805 1293 3867 bacar
1317 3799 1397 3863 Gntt
1416 3798 1472 3861 int
1494 3799 1565 3860 stetu
1585 3797 1748 3881 prichina,
1771 3817 1857 3883 menn
1877 3818 1912 3860 es
1928 3799 2051 3880 peneto.
2073 3820 2110 3861 sn
2126 3801 2172 3861 nt

159 3898 272 3952 nutent
296 3886 532 3971 desperantia
552 3887 719 3966 adversis,
742 3897 776 3951 et
798 3888 946 3974 cogitant
967 3904 1007 3950 se
1029 3885 1141 3951 deseri
1189 3910 1223 3951 es
1254 3888 1363 3950 recht.-
1398 3889 1460 3952 aad
1491 3897 1604 3951 tamon
1637 3904 1740 3952 cauus
1772 3887 1870 3951 etiam
1904 3883 2075 3951 dissimilis
2105 3894 2170 3952 eet.

159 3993 182 4038 a
203 3972 292 4037 Deo.
335 3972 404 4038 lste
426 3975 629 4060 cogitatione
650 3990 715 4038 nos
736 3972 983 4050 confirmemus,
1011 3991 1053 4037 ue
1086 3973 1141 4038 de
1191 3974 1417 4040 hlaccaboeus
1451 3994 1517 4039 non
1540 3985 1593 4038 eet
1612 3974 1788 4056 ingressus
1809 3970 2173 4049 alienamini-iedictto·

160 4060 312 4125 liciamus
333 4080 355 4124 e
375 4079 457 4124 ecre
480 4060 640 4125 doctriua.
683 4059 899 4148 Cogitemus,
931 4061 988 4126 ubl
1010 4061 1054 4124 sit
1075 4056 1142 4124 Ec·
1191 4082 1279 4142 nem,
1300 4059 1362 4128 fuit
1390 4058 1549 4125 tielenses
1575 4060 1711 4146 patriae.
1746 4057 1836 4138 item,
1858 4059 1966 4125 donec
1987 4056 2045 4123 ille
2067 4066 2173 4144 popa-¹
2251 4114 2282 4147 .,

161 4142 278 4217 alesia,
300 4147 437 4232 quando
465 4148 605 4212 dicimus
638 4147 671 4211 in
694 4143 870 4234 Sytrrbolo:
905 4146 1010 4209 &edo
1032 4144 1140 4207 Eccb·
1191 4147 1245 4213 lus
1267 4147 1384 4213 hebuit
1400 4144 1564 4232 politiam,
1596 4144 1710 4210 habult
1732 4145 1933 4231 mandatum,
1955 4156 1991 4210 ut
2012 4144 2173 4218 desertric-

161 4233 239 4292 ss'nm
271 4232 481 4307 emhobcmn,
514 4230 646 4299 scilicet
676 4235 734 4315 ubi
766 4244 820 4298 est
846 4235 1039 4320 incorrupta
1072 4252 1139 4298 vox
1192 4246 1243 4300 ret
1264 4255 1318 4299 so:
1342 4233 1406 4295 Die
1428 4231 1684 4294 asrstsntrnottssu
1695 4231 1979 4298 dcmltleccebaeo
1993 4230 2172 4300 menum.

161 4314 347 4408 Evangelii,
371 4330 407 4385 ut
429 4318 563 4385 ‹liciturt
589 4318 720 4404 Siquis
750 4340 917 4382 sarrensem
949 4341 1044 4382 nisum
1075 4340 1139 4381 ser·
1193 4321 1266 4384 uber
1287 4341 1321 4381 es
1342 4317 1450 4401 peratis
1471 4318 1579 4382 seiten.

111 4463 120 4477 ,
161 4402 258 4467 rabit.
301 4404 400 4487 item,
432 4404 513 4471 oses
533 4426 619 4468 meae
639 4427 743 4469 oocess
763 4427 859 4469 muns
880 4407 1022 4469 catham.
1067 4406 1141 4471 llec

163 4490 368 4641 iiiiii?
388 4493 1141 4645 ttuttittit¹tnit⁰'‘itti‘'‘tttl
1194 4488 2173 4646 itiitt‘ittitttttttttittiiiiii-titii
2275 4600 2277 4611 ψ

109 4642 111 4647 ’
164 4661 258 4745 glum
279 4662 322 4726 ad
339 4622 473 4751 tlsmpltt.
516 4666 588 4731 Nos
604 4598 1001 4732 onlsssunusldrlnsff
1030 4664 1142 4732 David
1194 4601 1353 4732 hererdnt
1374 4663 1544 4744 Genetos,
1566 4675 1599 4729 et
1621 4659 1815 4750 repulerunt
1825 4658 1956 4728 Ducam
1971 4618 2172 4728 sabaudiae.

164 4748 263 4812 etiam
286 4751 382 4832 peut:
400 4751 585 4831 discussius
606 4771 653 4814 ms
667 4753 702 4811 in
723 4752 834 4816 awto
859 4752 1054 4818 tabernaculi
1075 4756 1142 4825 tuit
1194 4753 1300 4819 Recte
1319 4750 1488 4819 secemntr
1536 4752 1590 4816 uia
1611 4749 1748 4815 Genera
1771 4760 1823 4815 est
1839 4750 1934 4814 socie
1956 4748 2074 4812 civitas
2097 4747 2175 4815 llei-

164 4835 260 4916 quaei
283 4836 390 4902 dicet:
412 4840 454 4904 da
475 4838 554 4905 mihi
584 4836 734 4906 latebras
764 4842 797 4906 iu
829 4860 897 4904 ara.
948 4838 1078 4906 Aiimiit
1099 4839 1141 4905 ad
1195 4841 1368 4907 vettnnnn.
1415 4771 1533 4903 Sedl
1863 4910 1868 4920 Ι

164 4941 291 4986 ntorum
315 4923 459 5006 onmium
479 4926 636 5014 genitium,
651 4945 743 5013 quae
761 4927 965 5013 praebebant
986 4939 1143 5013 receptus
1196 4937 1249 4994 est
1269 4926 1303 4990 in
1313 4924 1456 4990 alienam
1467 4923 1746 4999 iurisdictionem
1768 4923 1828 4988 sed
1841 4918 2172 5007 deiendittemplnm,

1278 4404 1420 4472 llelvetii
1450 4404 1621 4470 Genavam
1651 4402 1825 4468 obsidione
1854 4399 2057 4469 liberaruntr
2091 4402 2173 4470 Dux
2283 4439 2300 4469 ι

1531 4837 1615 4902 uttan
1639 4834 1862 4902 bleccabeeus
1895 4854 1962 4900 trun
1994 4837 2175 4920 ingressos
2263 4868 2273 4881 ·

164 5005 263 5073 etiem
286 5006 473 5075 latronibus
493 5016 527 5077 in
548 5011 704 5103 templis,
722 5014 825 5080 sicut
846 5024 881 5080 et
900 5014 966 5081 iam
986 5015 1144 5083 usitatum
1196 5013 1347 5100 petriam,
1368 5011 1543 5098 coniuges,
1571 5022 1635 5075 etc.
1678 5009 1764 5074 uon·
1777 5008 1931 5075 transivit
1962 5008 2006 5079 itt
2027 5008 2175 5094 peragri-
2301 5023 2305 5031 ·

157 5107 219 5163 est
239 5096 273 5162 io
295 5092 406 5163 multia
427 5095 605 5167 Beeleaiiss
1196 5118 1271 5165 nam
1293 5109 1435 5175 terram
1449 5132 1451 5137 ·
1466 5106 1643 5182 praeterea
1669 5093 1785 5162 habuit
1804 5095 1994 5161 insudatum
2016 5097 2176 5177 divinata,

1196 5195 1234 5253 ut
1254 5184 1450 5251 delentem
1467 5180 1638 5270 templum,
1678 5180 1877 5264 Zacharias,
1897 5183 2034 5248 Simeon
2046 5182 2176 5248 dhoun-

1932 5297 1982 5342 R
