4620 5588
167 232 234 303 ort
350 162 383 213 ⁸
870 219 1092 292 rosrnns
1111 219 1515 293 mmmnonmus.
2044 177 2049 185 ⁹
2120 222 2191 302 'ors

168 425 269 490 tione.
312 418 353 486 ll.
376 418 429 486 Dc
445 416 658 484 distinctione
673 433 906 501 personamm,
926 415 1153 482 ministrorum
1173 424 1181 546 p
1202 414 1283 502 quid
1304 424 1357 481 est
1376 412 1429 481 ira
1455 413 1531 482 ‘lius
1544 425 1577 482 et
1591 412 1791 484 imbecillius
1801 418 1914 487 voce'i
1927 419 1968 486 ‘ct
1989 441 2088 508 quem
2103 418 2188 489 stul·

167 507 299 577 scilicet
320 520 355 573 et
371 526 537 591 personae
559 502 695 570 Christi.
1202 514 1271 568 tam
1292 502 1337 567 sit
1358 523 1423 589 apa
1469 503 1637 589 sapientes
1661 502 1790 585 dicere,
1818 508 1907 592 qnod
1928 504 2026 573 Deus
2049 505 2190 596 colligat

102 592 105 597 ’
254 596 279 660 1.
308 594 473 662 lohannes
504 591 640 657 inchoat
669 610 742 656 rem
773 609 912 669 novam,
944 598 979 653 et
1012 589 1152 655 discedit
1202 585 1391 655 Ecclesiam
1412 608 1505 656 voce.
1540 589 1630 655 Dicit
1650 589 1829 672 lohannes,
1850 612 1886 658 se
1903 613 1973 658 erse
1992 615 2101 660 uocem
2119 598 2187 664 cla·

167 705 191 751 a
216 683 400 749 ministerio
432 679 624 758 ordinario,
666 678 729 744 sed
761 676 804 741 de
835 673 903 742 hoe
935 675 1070 761 saepius
1104 676 1152 741 di·
1201 678 1321 740 mantis
1341 677 1376 741 in
1397 676 1545 757 deserto,
1578 678 1613 742 id
1636 687 1704 750 est,
1733 692 1908 745 sonantem
1934 680 2023 747 hanc
2051 703 2187 749 vocem:

168 781 258 838 ctum
279 780 343 834 est.
1005 796 1009 802 ·
1200 762 1348 847 Diripite
1372 766 1459 829 ciam
1486 763 1638 832 Domino.
1683 763 1806 831 Parate
1838 768 1924 831 viam
1951 765 2117 848 Domino,
2150 771 2186 836 id

256 856 311 922 Ad
322 855 479 921 unitatem
489 848 664 918 Ecclesiae
675 851 740 917 tria
756 850 986 936 requiruntur:
1009 847 1039 913 l.
1063 845 1151 913 Con·
1202 860 1266 928 est,
1288 852 1379 936 agite
1399 852 1648 936 poenitentiam,
1670 862 1703 916 et
1726 852 1850 919 credite
1872 850 2068 941 Evangelio.

168 963 291 1012 sensns
313 944 346 1008 in
368 941 536 1016 doctrina:
569 939 602 1003 2.
625 937 714 1003 ldem
740 957 824 1003 usus
841 935 1150 1011 sacramentorum:
1286 935 1452 1002 lohannes
1475 937 1567 1004 dicit:
1597 938 1667 1024 Epo
1689 938 1818 1022 baptizo
1839 959 1897 1006 vos
1919 960 2024 1025 apum
2045 943 2104 1007 sed
2132 944 2188 1010 tta

168 1031 200 1097 3.
224 1029 423 1096 Reverentia
443 1026 615 1093 ministerii
638 1035 672 1090 ει
692 1025 929 1101 ministrorum,
951 1033 1079 1088 utnon
1100 1019 1150 1087 la·
1201 1022 1381 1108 baptizabit
1410 1044 1470 1089 uos
1490 1026 1562 1109 ipae·
1580 1033 1612 1090 et
1637 1024 1771 1109 spiritu.
1815 1027 1931 1112 Apron,
1964 1029 2092 1107 idest,
2125 1051 2183 1095 es·
2225 1067 2232 1078 ·

168 1118 259 1184 ciunt
280 1113 488 1183 avulsionem
520 1115 564 1177 ab
597 1110 766 1178 ordinario
788 1108 989 1191 ministerio,
1020 1119 1055 1175 ct
1082 1106 1150 1175 hoc
1201 1120 1297 1178 terno
1329 1111 1530 1188 ministerio:
1564 1112 1625 1177 sed
1648 1110 1803 1178 Christos
1832 1124 1886 1179 est
1914 1110 2038 1179 efficax
2067 1117 2099 1180 in
2128 1113 2186 1184 illo

166 1204 308 1271 maxime
328 1202 390 1269 fait
407 1202 596 1268 mandatum
618 1199 652 1263 in
673 1194 732 1263 illo
754 1193 891 1283 populo.
1200 1197 1403 1277 ministerio,
1424 1197 1560 1264 etfacit
1580 1200 1757 1265 discrimen
1780 1200 1867 1265 inter
1887 1219 1927 1265 se
1949 1212 1983 1264 et
2006 1200 2185 1269 Christum.

253 1288 380 1355 Gontre
400 1288 489 1353 hanc
510 1287 669 1352 unitatem
690 1285 823 1351 videtur
844 1280 959 1349 iacere
974 1278 1150 1350 Iohannes.
1200 1281 1282 1368 lprri,
1303 1283 1337 1349 id
1360 1296 1424 1364 est,
1446 1286 1568 1352 iudicio
1585 1298 1749 1372 arguente
1764 1297 1916 1373 peccata.
1955 1286 2097 1371 sperno,
2121 1291 2187 1356 sci·

166 1377 216 1443 lbi
237 1387 312 1442 orta
331 1375 393 1442 fuit
415 1373 499 1439 haec
520 1373 689 1461 quaestio:
716 1371 835 1437 Utrum
861 1369 1028 1435 lohannes
1056 1376 1150 1434 recte
1200 1367 1280 1435 licet
1299 1369 1498 1438 vivificante.
1543 1369 1728 1450 lohannes,
1751 1373 1872 1439 Petrus
1896 1383 1961 1438 etc.
1983 1388 2061 1440 sunt
2090 1377 2183 1442 mini·

166 1463 305 1530 leceritil
345 1461 559 1547 Respondeo.
599 1458 659 1539 lta,
681 1469 775 1525 recte
794 1454 891 1535 lecit3
912 1465 1045 1544 oportet
1063 1454 1150 1520 euim
1201 1457 1260 1521 stri
1283 1459 1410 1523 externi
1433 1459 1557 1542 operis,
1578 1479 1647 1524 non
1669 1471 1746 1525 sunt
1768 1457 1969 1539 salvatores,
1991 1464 2052 1526 sed
2076 1464 2186 1548 ipsum

166 1549 243 1618 Deo
260 1549 368 1636 magis
394 1547 532 1615 obedire
560 1566 660 1632 quam
680 1543 884 1627 hominibus3
919 1540 1036 1608 habuit
1062 1542 1149 1615 enim
1200 1545 1415 1618 ministerium
1437 1556 1491 1610 est
1512 1542 1635 1611 efficax
1655 1566 1717 1632 per
1739 1544 1841 1612 illium
1864 1544 1937 1613 Dei.
1983 1546 2086 1613 Filias
2118 1547 2183 1616 Dei

167 1634 340 1723 singulare
373 1636 563 1701 mandatum
585 1653 607 1698 a
634 1629 728 1712 Deo,
761 1643 796 1697 et
822 1629 1026 1697 testimonla:
1064 1647 1146 1714 ergo
1200 1639 1254 1695 est
1276 1650 1434 1716 persona,
1455 1651 1542 1716 quae
1563 1631 1662 1698 simul
1683 1631 1872 1699 sanctificat
1894 1644 1927 1698 ει
1948 1633 2105 1715 vivificat,
2134 1638 2184 1701 in-

165 1734 260 1790 recte
280 1718 370 1787 iecit.
414 1719 597 1786 Probatur:
626 1716 811 1797 hlimcnlis,¹
839 1736 927 1805 quee
953 1733 1150 1801 praecesse·
1201 1728 1328 1783 staurat
1358 1718 1392 1783 in
1424 1719 1523 1784 nobis
1557 1720 1732 1800 iustitiam,
1767 1717 1956 1806 interpellat
1989 1743 2051 1808 pro
2084 1723 2185 1788 nobis

165 1820 255 1887 runt,
277 1809 363 1891 putri
384 1808 588 1892 praedictum
610 1804 673 1872 fait
694 1826 769 1871 eum
790 1801 865 1869 i'ore
893 1820 1149 1889 praecursorem
1200 1805 1290 1890 apud
1311 1816 1451 1890 patrem,
1473 1815 1507 1870 ct
1528 1807 1586 1872 dat
1603 1808 1701 1873 nobis
1723 1806 1824 1872 vitam
1846 1820 2027 1874 aeternam.
2073 1807 2187 1875 Cretaei

166 1894 302 1962 christi.
335 1893 410 1961 Hoc
431 1904 484 1961 εει
511 1912 707 1978 expressum
734 1892 893 1957 mandato
922 1890 1050 1966 divino:
1070 1888 1150 1954 item
1201 1889 1391 1975 significant
1421 1893 1633 1958 vocationem
1665 1893 1852 1966 ministerii,
1887 1895 1978 1981 qnod
2010 1895 2185 1983 designate

165 1981 256 2049 iilius
277 1979 342 2047 Dei
365 1982 455 2046 dedit
477 1981 509 2046 ei
529 1980 754 2045 testimonium
775 1979 810 2043 in
833 1975 1009 2062 baptismo.
1199 1977 1276 2067 Ego
1297 1999 1367 2046 non
1389 1995 1464 2044 sum
1480 1978 1603 2067 dignus
1621 1987 1715 2046 tanto
1736 1978 1932 2047 ministerio.

251 2068 328 2132 Non
361 2079 472 2132 autem
503 2078 584 2132 sunt
615 2062 791 2132 faciendae
822 2063 1037 2129 secessiones
1076 2062 1150 2127 sine
1679 2102 1681 2106 -

164 2155 371 2222 necessitate
392 2153 552 2219 debemus
573 2153 663 2219 scire
684 2150 894 2218 necessarias
916 2166 1072 2215 caussas.
1110 2147 1148 2214 lu

166 2252 334 2308 conventu
366 2238 603 2306 Wormatiensi
622 2258 701 2304 cum
721 2237 846 2304 Eceius
866 2235 1027 2302 obiiceret
1047 2234 1148 2299 nohis
1363 2234 1410 2303 ut
1431 2234 1508 2304 DIE
1529 2235 1814 2305 NATlVlTATlS
1836 2235 2021 2306 cflmsrt.

166 2326 335 2405 schisma,
359 2327 445 2405 dixi,
470 2345 534 2392 nos
555 2325 753 2391 necessario
773 2322 904 2399 iacere,
938 2323 1027 2387 sicut
1047 2321 1148 2387 etiarn

165 2411 306 2478 lecisset
326 2410 484 2477 ieremias
505 2409 628 2477 etalii.
672 2408 859 2495 Respondit
880 2405 952 2487 ille,
975 2404 1042 2472 hoo
1070 2425 1149 2473 esse
1599 2374 1738 2442 ΜΘΗ
1757 2376 1790 2443 ²·

165 2497 354 2585 singulare,
387 2498 487 2563 nobis
515 2517 584 2562 non
609 2495 723 2563 licere.
766 2495 840 2583 Ego
866 2494 1041 2580 respondi:
1073 2492 1148 2559 Nos
1406 2509 1508 2596 (cong
1531 2510 1609 2581 vol,
1631 2512 1753 2580 xxw,
1776 2514 1860 2601 μη
1883 2522 1973 2602 ΜΝ.)

165 2583 330 2651 habemus
351 2582 531 2649 firmiorem
552 2585 726 2661 rationem,
758 2584 835 2668 quia
863 2581 1027 2646 habemas
1047 2600 1147 2668 regu·

165 2669 232 2737 lem
254 2668 495 2751 universalem,
521 2680 556 2736 et
580 2670 774 2736 mandatum
795 2664 1002 2742 universale,
1034 2676 1071 2734 ut
1099 2667 1148 2732 di·
1285 2665 1321 2732 ln
1339 2668 1406 2735 isto
1418 2665 1507 2734 festo
1519 2679 1650 2759 oportet
1660 2670 1799 2754 primum
1815 2670 1959 2735 ornnium
1977 2671 2183 2740 considerari

166 2758 345 2824 scednmus
357 2760 399 2823 ab
419 2752 605 2823 idololatris
623 2768 656 2822 et
667 2756 942 2842 persecutoribus
958 2754 1146 2820 doctrinae:
1197 2755 1383 2834 historiam,
1406 2752 1561 2821 videlicet
1579 2777 1664 2843 quae
1685 2775 1831 2841 persana
1853 2758 1898 2823 sit
1919 2759 1997 2837 ista,
2017 2778 2102 2844 qaae
2124 2778 2183 2825 ne·

165 2844 210 2912 m·
225 2847 299 2930 pas:
320 2845 413 2912 nond
434 2842 642 2930 Decapoliam
663 2844 824 2922 docuerit,
845 2840 1018 2909 contheam
1038 2841 1092 2905 tit.
1198 2843 1304 2907 scitur
1315 2841 1475 2926 exfilaria
1485 2842 1626 2929 virgine,
1665 2854 1761 2909 ostea'
1771 2862 1979 2910 communem
1997 2846 2182 2911 doctrinam

253 2930 293 2996 11.
339 2929 486 2996 Venient
504 2931 549 2996 cd
573 2931 749 2996 iohannem
772 2940 806 2994 et
827 2928 1036 3014 interrogant
1057 2946 1147 2993 eum:
1199 2930 1241 2995 de
1263 2928 1393 2994 duabus
1415 2931 1543 2995 naturis
1571 2930 1604 2994 in
1627 2864 1773 3009 girino,
1796 2941 1828 2995 ει
1852 2931 2001 3017 cogitare
2025 2952 2182 3013 caussas,

167 3015 218 3084 li:
245 3020 318 3103 puis
344 3018 402 3083 es?
427 3037 503 3083 esne
529 3017 702 3084 Christus?
733 3017 858 3082 habent
884 3015 971 3079 enim
998 3032 1147 3085 causam,
1198 3035 1303 3102 quare
1325 3017 1516 3100 redemptor
1537 3017 1590 3083 sit.
1634 3013 2182 3103 Deusethoa103deindequae

165 3125 270 3189 quare
293 3106 522 3193 interrogent,
546 3107 625 3192 quia
647 3103 788 3169 discedit
809 3103 852 3167 ab
875 3101 1040 3167 ordinaris
1068 3120 1148 3165 con·
1197 3100 1362 3168 beneficia
1382 3099 1543 3178 attulerit:
1564 3113 1735 3189 postremo
1757 3103 1926 3190 quomoda
1954 3102 2013 3170 fiat
2035 3102 2182 3190 appella·
2301 3164 2303 3169 .

164 3192 372 3278 gregatione.
438 3188 500 3257 llio
531 3191 731 3276 respondet:
776 3188 854 3254 Non
884 3207 955 3254 sum
986 3185 1159 3253 Christus.
1198 3191 1244 3253 tio
1265 3189 1404 3255 istorum
1426 3188 1674 3255 beneficiorum.
1731 3248 1734 3256 .
1951 3210 1955 3217 ⁴

164 3275 252 3342 Enoc
274 3276 388 3343 Elios?
430 3275 641 3361 Respondet:
674 3275 753 3341 Non
773 3296 853 3340 sum.
897 3275 964 3360 ipsi
991 3275 1078 3338 enim
1100 3285 1147 3338 ta·
1284 3273 1310 3340 l.
1343 3275 1510 3360 lohannes
1532 3279 1621 3361 [cap.
1638 3272 1681 3356 l.]
1699 3294 1860 3359 expresse
1882 3277 2041 3341 describit
2058 3287 2180 3341 utram·

164 3360 231 3426 lom
243 3358 348 3425 Eliam
359 3362 636 3447 imaginabantur,
647 3362 704 3447 qai
715 3363 906 3427 restitueret
916 3360 985 3425 illis
995 3377 1147 3445 regnum.
1198 3381 1264 3447 que
1285 3372 1451 3426 naturam:
1480 3362 1521 3425 Ia
1541 3363 1706 3445 principio
1727 3369 1802 3427 erat
1821 3362 1953 3426 verdum
1980 3373 2057 3442 etc,
2090 3362 2181 3512 :puori

166 3447 333 3512 lohannes
356 3449 501 3513 venitin
523 3449 642 3534 spiritu
664 3445 776 3526 Eiiae,
810 3446 900 3531 qaod
933 3444 977 3511 ad
1002 3447 1148 3511 ministe·
1197 3447 1567 3532 personaedivinitatis
1589 3449 1657 3512 sint
1677 3460 1747 3512 tres
1759 3459 1914 3513 aeternas
1928 3445 2039 3527 Pater,
2063 3448 2100 3513 Fi
2115 3451 2216 3529 ius„

165 3535 250 3599 rium
273 3533 413 3598 docendi
436 3535 568 3614 attinet,
595 3543 630 3598 et
651 3533 770 3599 eodem
792 3530 919 3617 Spiritu
946 3543 1067 3597 sancto
1095 3549 1147 3596 re-
1198 3531 1255 3619 qui
1276 3534 1466 3597 nomiuatur
1487 3533 1590 3614 λόγος,
1622 3543 1656 3598 ει
1684 3533 1827 3617 Spiritus
1855 3545 2011 3616 sanctas:
2046 3545 2079 3599 et
2101 3544 2180 3601 sunt

164 3619 283 3688 futavit
299 3618 512 3686 Pharisaicas
531 3621 797 3706 imaginationes,
818 3617 964 3683 ostendit
985 3617 1147 3704 recipieu·
1198 3637 1309 3704 neque
1346 3616 1460 3702 plures
1493 3639 1603 3706 neque
1635 3620 1812 3704 pauciores
1833 3640 2009 3706 personae.
2046 3619 2178 3688 Dicitur

165 3708 229 3774 das
249 3725 328 3770 esse
359 3718 496 3792 gentes,
530 3708 609 3772 dicit
636 3706 736 3773 tinem
766 3700 841 3770 iore
866 3703 965 3770 huius
997 3703 1146 3789 politiae,
1198 3717 1306 3771 autem
1328 3703 1419 3771 filius
1442 3696 1540 3787 λόγος,
1563 3706 1641 3795 quia
1652 3707 1853 3794 cogitatione
1865 3702 2025 3772 nascitur.
2060 3706 2179 3773 Aeter-

163 3794 312 3858 ostendit
331 3793 510 3874 Moesiam,
537 3805 570 3860 et
597 3793 695 3860 docet
724 3810 840 3858 omnes
874 3786 1036 3857 articulos
1059 3789 1146 3856 srdei.
1199 3811 1262 3857 nus
1283 3803 1380 3878 pater
1405 3792 1537 3858 intuens
1570 3813 1609 3858 se
1635 3794 1742 3881 giguit
1763 3791 1881 3873 filium,
1914 3795 1969 3879 qui
2004 3790 2092 3859 filios
2126 3802 2181 3861 est

163 3878 296 3944 Deinde
330 3881 552 3967 interrogant:
586 3880 671 3946 Esne
702 3879 887 3963 propheta?
938 3875 1147 3964 Respondet:
1197 3878 1307 3964 imago
1332 3889 1510 3945 coaeterna
1531 3879 1649 3966 patris,
1671 3891 1706 3944 et
1726 3880 1832 3966 gignit
1855 3900 1928 3945 eum
1953 3880 1996 3944 de
2019 3900 2082 3945 sua
2100 3881 2180 3946 suh·

162 3965 243 4031 Non
263 3984 344 4043 nrm,
364 3965 493 4032 scilicet
514 3965 609 4046 talis,
632 3966 765 4053 qualem
785 3967 849 4051 ipsi
867 3961 1099 4051 intelligebant
1112 3965 1146 4030 in
1197 3965 1330 4031 stantia.
1376 3965 1413 4030 Si
1435 3965 1521 4031 enim
1544 3987 1611 4031 :roa
1632 3979 1727 4031 esset
1749 3966 1937 4033 substantia
1961 3968 2077 4050 patris,
2099 3978 2180 4032 tunc

165 4051 278 4118 Veteri
289 4051 512 4121 Testomeuto.
559 4052 642 4134 Quis
659 4073 694 4119 es
709 4053 833 4139 ipitrrr‘l
877 4051 1082 4136 Respondet,
1106 4069 1146 4116 se
1198 4064 1291 4118 osset
1312 4049 1456 4135 ἀδελφός,
1481 4062 1515 4118 ει
1536 4052 1620 4118 haec
1642 4050 1708 4118 hoc
1740 4053 1905 4118 vocabula
1934 4051 2109 4135 declarant,
2140 4073 2180 4119 se

162 4158 242 4204 esse
264 4139 451 4205 ministrum
475 4138 660 4229 Evangelii,
682 4142 739 4228 qui
761 4140 804 4205 sit
825 4139 941 4218 testis,
970 4137 1145 4224 quodiam
1197 4147 1330 4216 matuo',
1357 4139 1444 4205 sicut
1466 4139 1590 4205 scimus
1617 4140 1651 4203 in
1675 4137 1863 4205 homiuibus
1886 4139 2089 4225 cogitatione
2112 4136 2180 4206 l'or·

127 4301 133 4311 .
161 4226 250 4290 adsit
272 4223 436 4291 Christus.
1169 4200 1174 4288 l
1198 4227 1281 4290 mari
1303 4225 1480 4312 imagines,
1513 4225 1574 4290 sed
1601 4238 1857 4295 evanescentes:
1893 4227 1954 4290 sed
1982 4222 2038 4290 illo
2067 4229 2179 4313 imago

248 4310 345 4378 Deus
374 4333 444 4378 non
470 4311 543 4378 volt
569 4333 663 4380 suam
684 4309 873 4378 Ecclesiam
903 4329 984 4376 esse
1009 4311 1045 4376 in
1066 4306 1147 4376 late·
1168 4301 1175 4435 Ι
1198 4322 1252 4377 εει
1273 4309 1517 4390 substantialis,
1537 4331 1605 4376 non
1624 4314 1805 4378 evanescit.
1851 4310 1944 4376 Haec
1965 4322 2095 4397 oportet
2115 4328 2179 4377 nos

166 4395 256 4476 brie,
278 4401 337 4465 sed
359 4396 431 4467 vult
453 4419 525 4464 eam
547 4399 697 4486 conspici
724 4410 758 4464 et
779 4398 947 4474 exaudiri3
981 4407 1147 4462 ettamen
1194 4397 1335 4475 intueri,
1365 4410 1398 4463 et
1427 4399 1620 4464 discernere
1648 4419 1826 4484 personas.
1871 4397 1975 4463 Filius
1998 4398 2181 4487 assumpsit

166 4501 234 4546 non
257 4483 406 4552 similiter
427 4487 633 4571 conspicitur
661 4487 749 4551 sicut
776 4486 914 4568 imperia
942 4485 1075 4564 mandi,
1110 4442 1173 4580 ut!
1197 4481 1373 4556 hunianam
1393 4490 1560 4564 naturam,
1581 4496 1614 4550 ct
1632 4486 1670 4549 iit
1691 4486 1835 4564 sictirna,
1857 4506 1924 4549 non
1948 4497 2051 4568 pater.
2086 4484 2181 4549 llaec

165 4566 394 4638 Alexandrum
421 4573 470 4640 ire
501 4592 563 4659 per
588 4573 705 4638 Asiam
733 4591 809 4636 cum
841 4590 964 4659 magno
996 4572 1173 4685 exercitu}
1198 4571 1387 4636 discrimina
1411 4582 1544 4656 oportet
1571 4592 1634 4637 nos
1656 4581 1770 4636 tencre
1791 4585 1911 4637 contra
1943 4571 2077 4639 furores
2101 4570 2179 4636 Dia·

164 4657 277 4720 sciunt
299 4674 415 4725 omncs
437 4673 568 4746 gentes.
606 4656 732 4746 Cyrum
754 4660 804 4724 ire
825 4678 887 4743 per
907 4658 1068 4722 orientem
1092 4678 1147 4723 es·
1168 4691 1174 4739 p
1197 4656 1329 4724 bolicos
1350 4676 1490 4743 sparsos
1512 4658 1546 4723 in
1568 4654 1734 4723 Ecclesia.

165 4744 338 4825 periuntur
358 4743 480 4811 multae
502 4748 615 4812 urbes.
650 4742 804 4810 Ecclesia
815 4746 1020 4830 conspicitur
1034 4745 1144 4825 etiam,
1282 4744 1324 4808 le
1354 4746 1521 4830 principio
1547 4751 1623 4809 erat
1643 4744 1794 4822 certam,
1825 4744 1859 4810 id
1888 4755 1958 4823 est,
1993 4741 2081 4809 tilius
2106 4742 2177 4811 Dei.

166 4829 228 4893 sed
251 4848 319 4893 non
346 4830 550 4898 istomodo.
594 4828 699 4897 Filius
727 4829 795 4895 Dei
819 4828 932 4916 polam
949 4831 1146 4917 ,ingreditur
1196 4829 1240 4895 Et
1259 4831 1389 4897 ammon
1409 4840 1485 4896 erat
1502 4833 1592 4915 opntd
1613 4834 1725 4908 duem,
1747 4831 1780 4895 id
1796 4832 1866 4904 est,
1891 4829 1978 4895 filios
2001 4843 2073 4894 erat
2090 4830 2180 4916 apud

165 4912 432 5002 Hierosolymam
454 4919 577 4985 sedens
599 4921 862 5006 superaddam,
884 4928 918 4983 et
939 4919 1146 5005 conspicitur
1196 4928 1334 5003 patrem.
1379 4917 1422 4982 Et
1446 4917 1535 4984 [tear
1555 4926 1632 4984 erat
1652 4917 1792 4984 namn.
1838 4916 1899 4981 Est
1918 4917 2101 5002 propositio
2125 4936 2181 4980 ca·

166 5001 267 5066 ctiam
287 5022 309 5067 a
330 5002 461 5082 multis:
506 5019 601 5073 osteo
622 5005 704 5072 iacit
721 5001 892 5084 miracula,
912 5017 1010 5071 sanat
1026 5024 1147 5092 aegro-
1197 5006 1365 5090 tegorica,
1400 5001 1575 5070 attii-naim
1610 5003 1800 5092 singularis.
1850 5002 1986 5070 Vcrdrnn
2014 5014 2066 5069 est
2099 5003 2180 5068 sub·

165 5095 234 5167 tos,
266 5091 447 5156 resuscitat
479 5025 645 5159 Rczamm
678 5103 742 5158 etc
786 5088 850 5156 illa
881 5091 981 5158 etiem
1014 5092 1147 5178 conspi·
1196 5090 1335 5176 lectum,
1368 5093 1445 5177 quia
1477 5088 1637 5157 articulus
1671 5091 1803 5158 additur
1826 5093 1985 5157 subiecto.
2033 5089 2096 5154 ilic
2123 5088 2181 5154 eir·

161 5175 315 5267 doctor,
347 5177 409 5245 sed
428 5198 498 5246 non
524 5180 572 5247 ita
591 5190 628 5248 ut
653 5179 801 5268 impmic
828 5175 999 5269 Rogitste
1020 5191 1147 5244 entem:
1197 5196 1317 5264 presse
1339 5178 1418 5245 dicit
1428 5177 1594 5245 lohannos
1617 5177 1704 5263 λόγον
1724 5197 1803 5243 εεεε
1821 5197 2001 5264 personam
2013 5188 2047 5243 et
2059 5177 2177 5243 Deum.

1817 5280 1876 5348 gg·
