4620 5588
131 191 198 271 eae
733 192 736 197 ·
824 184 1045 282 rourum
1065 190 1465 263 immansurum.
2083 176 2158 267 ete
2295 214 2298 225 ·

135 391 230 469 stris,
251 387 403 454 babitare
424 384 458 451 in
480 384 589 453 nobis.
634 382 710 463 illi,
743 385 800 472 qui
821 398 901 451 suat
922 388 1041 464 sancti,
1063 385 1119 452 lra-
1171 383 1329 463 diatones,
1352 386 1407 470 qni
1430 402 1490 468 per
1511 381 1724 467 ludnmscsc
1744 384 1954 452 interficiunt.
1999 384 2068 448 Der
2088 386 2151 449 dere

134 478 215 543 beat
236 473 305 540 boc
327 470 499 561 singulare
522 473 758 538 testimonium.
803 469 959 538 Aliadno
981 485 1121 539 externa
1170 473 1241 530 sian
1263 469 1339 540 bet,
1372 469 1466 535 illum
1489 482 1641 555 optamus
1666 469 1783 557 procul
1807 474 1942 539 abesse.
1987 470 2093 539 Etiam
2116 475 2150 538 in

134 562 364 629 incurrentia
388 557 694 626 oculoszverbum
718 558 805 637 llei,
839 574 873 623 et
894 579 977 623 usas
999 560 1120 625 Sacra·
1170 552 1325 627 Ecclesia
1357 567 1436 621 sant
1470 554 1554 621 tales
1588 553 1677 621 unali.
1732 557 1858 624 Veram
1889 572 1951 625 est.
1994 559 2074 625 idea
2096 570 2151 626 est

134 661 320 716 mentorum
343 649 568 730 incorruptus.
612 644 693 710 lade
710 664 848 728 possum
860 646 1021 724 iudicare,
1033 666 1121 731 quae
1171 640 1272 706 valde
1292 642 1388 707 triste
1410 640 1650 729 spectaculum,
1662 664 1728 710 uon
1746 646 1846 709 modo
1858 664 1986 731 paucos
2004 644 2149 733 aliquos,

135 737 180 800 sit
202 739 284 801 iera
306 730 472 799 Ecclesia.
517 731 579 812 Ia,
614 732 728 798 dicunt
762 728 878 817 aliqui:
922 730 1031 797 Etiam
1053 731 1120 798 boc
1172 730 1232 792 sed
1256 750 1411 813 magnam
1434 729 1672 796 multitudinem
1694 732 1738 796 ita
1761 732 1886 796 rivere.
1929 731 2001 796 Nos
2024 734 2149 818 cogite·

104 834 107 839 '
135 832 190 889 est
213 816 351 887 diibcile
372 819 531 884 indicare.
1171 834 1257 894 mas,
1280 818 1409 881 etiamsi
1426 813 1558 881 illarum
1582 815 1704 883 amitus
1738 829 1792 882 est
1824 837 2003 889 nannenus,
2038 830 2149 883 tamen
2285 848 2287 855 =

1048 948 1052 957 .
1171 898 1405 1012 εῑὶᾳιιοεηεεεε
1426 923 1529 968 veros
1546 902 1676 968 clectos
1699 915 1732 969 et
1761 916 1921 986 sanctos,
1955 904 1997 968 de
2029 906 2148 991 quibus

134 1049 256 1135 Unde
286 1077 453 1162 possum
499 1048 625 1154 scire,
671 1077 777 1158 quae
823 1046 876 1130 sit
913 1076 1011 1131 vcra
1042 1049 1119 1131 do·
1171 988 2150 1165 pnbpprtxpriprteslplshstrsceeptppppqpoeppapseapsppppaphep

549 1169 706 1253 ctrina?
1170 1158 1203 1223 in
1225 1158 1387 1229 iohanne:
1409 1161 1448 1223 St
1468 1166 1538 1244 pais
1559 1162 1670 1244 ‹ttttptt
1690 1184 1746 1236 rao,
1776 1182 1942 1225 sermonem
1969 1186 2063 1227 naman
2083 1184 2159 1231 eea.

1169 1245 1261 1308 audit.
1306 1247 1353 1313 lbi
1376 1246 1476 1336 plane
1496 1249 1584 1314 idem
1607 1251 1697 1315 dicit.
1742 1249 1799 1316 Sic
1822 1264 2053 1337 argumentor:

221 1334 435 1421 Respondeo.
479 1333 582 1400 Potes
610 1335 709 1399 scire.
753 1332 833 1399 Vox
864 1330 930 1399 Dei
964 1354 1031 1398 aon
1064 1346 1117 1400 est
1296 1368 1379 1435 pm.
1520 1389 1551 1435 m
1632 1372 1777 1438 ,ἀίω
1855 1392 1864 1410 .

134 1424 181 1491 ita
203 1424 360 1501 obscura,
382 1432 415 1486 et
436 1417 536 1487 tacite
557 1432 669 1506 potest
686 1418 826 1505 intelligi
848 1422 891 1484 ab
913 1420 966 1499 iis,
978 1422 1033 1506 qui
1047 1441 1115 1485 non
1247 1425 1252 1440 '
1295 1389 1526 1522 ngntefgp
1544 1389 1749 1523 sommus,
1794 1391 1861 1439 ’Μ’

135 1507 343 1576 calumniose
364 1528 439 1573 eam
461 1509 653 1595 inquirunt,
685 1520 719 1572 ει
748 1506 953 1572 transferunt
975 1526 1048 1571 eam
1071 1507 1114 1572 ad
1295 1543 1344 1607 Er
1518 1545 1567 1610 dp
1599 1550 1612 1591 ί
1644 1508 1757 1609 ΨΜ]

134 1615 217 1660 snas
238 1596 503 1682 imaginationes.
546 1595 637 1661 Satis
659 1591 760 1681 plana
793 1604 827 1658 et
860 1594 1037 1678 perspicua
1061 1605 1115 1658 cst
1339 1561 1383 1625 9⁰
1403 1562 1498 1609 'm
1542 1550 1626 1625 ‘m
1724 1563 1820 1611 'um'

132 1681 314 1769 promissio
338 1683 381 1746 de
412 1683 531 1767 gratia.
587 1679 686 1755 Quod
719 1691 829 1745 autem
863 1677 957 1745 multi
989 1690 1115 1744 temere
1247 1675 1467 1764 Respondes.
1517 1679 1653 1747 Dictum
1674 1678 1741 1746 hoc
1755 1679 1960 1771 Evangelice
1981 1694 2034 1749 est
2053 1680 2154 1763 intel·¹

133 1786 209 1833 um
232 1777 469 1851 corrumpant,
497 1778 541 1832 ut
570 1764 719 1832 avellant
750 1785 905 1850 magnam
938 1776 1064 1849 partem
1092 1787 1113 1832 e
1163 1757 1344 1850 ligandam.

135 1854 296 1926 veritate,
342 1854 380 1918 lit
411 1854 459 1918 ita
490 1850 663 1919 voluntate
694 1849 833 1918 Diaboli
866 1863 899 1917 et
932 1852 1113 1918 bominum.

132 1939 236 2020 Sedet,
257 1941 317 2004 wic
336 1943 388 2001 ein
408 1959 535 2021 praesen·
551 1939 760 2006 sebmslicder
778 1937 946 2003 nutteaillcn
966 1939 1035 2010 iate,
1057 1941 1114 1999 urit
1582 1945 1726 2029 Proba⁸

133 2026 195 2092 deu
223 2024 480 2107 Widertsaffarat
501 2028 579 2113 quid
602 2045 717 2093 eornm
739 2025 949 2113 opinionibus
982 2035 1035 2090 est
1056 2025 1114 2091 ab·

132 2112 293 2179 surdius?
322 2113 421 2178 ‘Sunt
442 2110 641 2178 manifestae
662 2114 887 2179 absurditates
899 2157 910 2192 ‚
942 2120 1114 2177 ettamen
1252 2107 1338 2182 Quia
1369 2110 1444 2196 ipse
1475 2112 1509 2175 in
1530 2132 1572 2177 ec
1606 2113 1716 2197 capita
1748 2113 1854 2200 inquit
1884 2114 1927 2180 de
1954 2112 2151 2202 alpastolisc¹

132 2195 300 2265 Diabolus
321 2201 365 2265 ad
388 2219 448 2266 eas
470 2196 608 2286 impellit
639 2198 792 2265 bomincs
804 2245 815 2279 ,
850 2208 884 2265 et
915 2195 1113 2275 delectatur,
1164 2193 1235 2280 lpet
1263 2206 1477 2264 removerant
1514 2216 1694 2266 sennonem
1730 2218 1846 2267 strenas
1908 2199 2072 2291 Loquitur
2104 2202 2150 2269 de

132 2288 222 2372 qnod
244 2287 296 2351 sic
317 2297 429 2371 potest
450 2283 612 2352 insultare
626 2285 805 2351 infirmitati
832 2285 1009 2363 humanae,
1038 2303 1113 2349 cata
1164 2277 1377 2368 professione
1397 2304 1502 2371 purae
1525 2286 1698 2352 doctrinae
1720 2287 1752 2351 ia
1771 2285 1838 2353 ilde
1844 2333 1857 2367 ,
1891 2298 1926 2353 et
1960 2288 2049 2354 bona
2070 2308 2147 2354 con·

132 2373 235 2441 eadit,
257 2390 322 2436 aas
344 2374 487 2438 miseras
509 2383 543 2436 et
564 2369 782 2437 conculcatos
794 2417 806 2451 ,
839 2371 884 2436 ad
905 2366 984 2435 illae
1006 2379 1113 2477 tetros
1164 2368 1324 2440 scientie:
1367 2390 1436 2438 nan
1477 2368 1626 2460 leqnitur
1667 2368 1824 2461 legaliter
1871 2372 1914 2440 dc
1957 2371 2150 2462 impletione

132 2453 635 2611 lellelrleltisiltllev’rlleliecdlglslglrr'
648 2458 776 2610 dpippps
788 2461 1114 2632 eqsrlaecgeffieaplrfe·
1163 2453 1262 2546 legis·

131 2627 188 2698 bic
208 2631 366 2699 Christus
384 2632 611 2725 inquittOcaa
630 2652 829 2696 macerarem
850 2652 945 2693 meam
967 2629 1111 2694 auderat.
1390 2634 1473 2722 Ubi
1502 2636 1680 2749 loquitur
1708 2637 1919 2749 legaljgerp

131 2718 202 2787 lste
224 2734 277 2788 cet
300 2721 498 2807 descriptio,
519 2741 608 2808 qaae
640 2721 684 2786 sit
706 2717 881 2799 Ecclesia,
914 2730 949 2785 et
979 2737 1114 2803 semper

131 2807 167 2876 ln
187 2805 247 2875 illa
266 2821 368 2876 coetu
389 2805 511 2874 visibili
532 2808 606 2875 sine
627 2804 697 2888 alla
719 2807 923 2874 dubitatione
954 2817 1035 2871 snat
1055 2801 1113 2870 nli·
1248 2800 1286 2868 ln
1307 2798 1367 2869 illo
1388 2802 1494 2872 dicto:
1525 2805 1725 2881 Maledictus,
1758 2807 1816 2890 ard
1839 2822 1906 2873 nott
1931 2812 2092 2874 martrerii
2113 2815 2150 2875 ter

132 2898 189 2987 qui
212 2893 321 2964 electi.
366 2896 489 2963 Proba.
533 2892 609 2956 tttn
636 2894 792 2958 nonanus
818 2892 994 2976 reliquisset
1021 2892 1113 2955 aubis
1162 2892 1323 2973 omnibu,
1357 2910 1440 2975 quae
1460 2896 1587 2977 repa
1605 2902 1685 2960 ettttt
1702 2898 1739 2959 itt
1769 2896 1849 2977 leffe·
1904 2894 1976 2961 tter
1997 2901 2043 2961 tei
2060 2897 2161 2963 teithi

131 3005 243 3051 semes.
286 2986 383 3053 item:
415 2982 490 3047 Nan
520 2982 638 3045 redidit
670 2982 717 3046 ad
747 3001 794 3043 me
824 2981 945 3044 eadam
972 3000 1113 3047 meeum.
1159 2982 1287 3062 perd,
1315 2985 1375 3045 ate
1395 2981 1475 3047 dae:
1505 2979 1641 3064 Siquis
1671 2981 1777 3065 tltitpr't
1806 2999 1868 3046 nte.
1913 2978 2038 3047 Similia
2069 2992 2152 3048 sant

129 3073 230 3143 ltem:
264 3071 370 3137 Credo
394 3078 536 3134 sanctam
555 3066 733 3134 Ecclesiam
755 3067 961 3134 cardonam.
1006 3066 1114 3155 Opor·
1165 3067 1267 3145 dicta,
1290 3076 1324 3131 et
1344 3063 1551 3154 Evangelicc
1571 3062 1805 3153 intelligenda:
1829 3070 1927 3134 Beate
1941 3068 2149 3152 trammnett,

130 3170 182 3228 tet
202 3171 236 3226 tc
253 3171 401 3227 statuere
423 3159 516 3225 iaxta
534 3159 685 3238 verbam,
706 3169 805 3223 etex
826 3157 931 3223 verbo
953 3154 1115 3236 iudicare,
1164 3158 1222 3237 ard
1240 3152 1409 3220 ambederat
1427 3158 1463 3218 tn
1483 3157 1563 3237 ispe,
1591 3156 1862 3238 caedecatitae
1887 3164 2004 3235 paam
2032 3152 2149 3221 Psalm

132 3266 220 3331 qnae
241 3249 286 3321 sit
306 3266 389 3313 veru
409 3242 574 3311 Ecclesia.
617 3245 695 3311 Non
750 3263 871 3309 naeres
904 3237 988 3311 eluas
1022 3241 1114 3307 Ana·
1164 3243 1337 3308 drachma.
1381 3239 1549 3307 istasunt
1580 3237 1737 3324 puerilia3
1769 3241 1832 3305 sed
1860 3258 2000 3308 necesse
2026 3253 2081 3306 est
2107 3262 2150 3307 ee

133 3331 330 3414 baptisticas
349 3331 643 3416 congregationes,
667 3341 742 3415 ctp
767 3330 915 3394 amasias
936 3325 1117 3411 Entlrusiag
1165 3344 1269 3412 saepe
1290 3326 1404 3412 repeti.
1460 3324 1634 3413 Cogitate,
1669 3337 1793 3413 quanta
1815 3327 1860 3390 sit
1886 3323 2069 3412 amplitudo
2091 3328 2148 3392 ml-

133 3417 250 3481 sticas.
304 3415 451 3481 innitare
483 3417 589 3481 verbo
622 3415 696 3481 Dei.
753 3413 882 3480 Credas
914 3424 948 3481 te
982 3432 1115 3499 quoque
1165 3413 1369 3479 sericordiac
1383 3410 1462 3490 Dei,
1485 3413 1576 3499 quod
1592 3408 1674 3477 lacit
1694 3432 1758 3478 nos
1776 3410 1943 3478 domicilia
1964 3427 2040 3494 sna,
2061 3414 2169 3480 niteatv

135 3521 213 3568 csse
235 3503 419 3567 membrum
441 3497 639 3579 Ecclesiae,
672 3511 706 3565 et
737 3500 828 3586 qnod
846 3518 927 3564 vere
947 3499 1007 3565 tibi
1024 3500 1115 3564 exbi-
1164 3498 1287 3587 inquitr
1320 3500 1365 3564 Ec
1389 3499 1553 3567 cernemus
1580 3500 1627 3562 ad
1646 3516 1734 3583 aaa,
1767 3508 1804 3566 et
1830 3505 2030 3567 mentionem
2061 3502 2153 3584 apae

134 3589 289 3669 beemm,
312 3608 399 3675 quae
421 3598 500 3655 sunt
520 3588 555 3653 in
576 3587 798 3673 promissione
819 3584 996 3673 promissa.
1165 3604 1239 3651 eum
1266 3591 1437 3670 smtemne.
1477 3587 1567 3652 'dim
1598 3592 1674 3669 eant
1704 3605 1743 3651 cr
1774 3591 1911 3653 vetem
1947 3589 2018 3669 Epo
2051 3595 2149 3654 vitaer

1165 3680 1333 3740 aeternam
1352 3673 1394 3738 da
1416 3676 1470 3739 crs.
1502 3670 1596 3738 llaec
1613 3672 1768 3738 dicuntur
1789 3672 1832 3737 de
1854 3671 2039 3754 beneficiis,
2061 3692 2158 3758 qnae·

285 3784 431 3889 Proba,
463 3785 575 3895 quod
605 3781 843 3893 contingant
871 3782 957 3864 ista.
1035 3794 1040 3805 ’
1163 3758 1266 3825 Μ
1286 3754 1452 3827 Fiam·
2131 3774 2134 3778 ’

220 3928 390 4015 laetificati
405 3931 602 4014 Memaceni
622 3931 777 3996 tamtum.
820 3928 917 3997 ltem:
937 3928 1115 3991 luctarerne
1473 3934 1589 4041 Quae
1621 3948 1717 4023 sunt
1745 3936 1835 4023 ffla?

130 4016 195 4099 fide
215 4020 302 4083 aicit.
347 4016 493 4081 Daelart
503 4016 580 4081 aucit
596 4017 828 4088 aielttteirmca,
848 4012 1115 4083 Meconsolaiio·
1444 4016 1450 4032 “

133 4125 221 4170 aera.
249 4104 338 4168 Date
357 4125 428 4166 mara
450 4105 525 4166 ader
546 4104 645 4167 ander
666 4105 746 4186 disp
766 4104 823 4165 acii
841 4103 956 4166 dream
977 4102 1115 4184 macies,
1250 4101 1417 4169 Remissio
1451 4118 1684 4190 peccatorum,
1716 4104 1887 4192 imputatio
1919 4106 2080 4190 institiae,
2112 4117 2148 4172 et

134 4192 178 4254 ist
198 4190 311 4254 atone.
357 4191 500 4267 Quando
517 4192 623 4259 babes
638 4188 730 4257 illam
747 4187 1023 4271 consolationem,
1035 4199 1116 4256 tnnc
1167 4190 1299 4255 donatio
1323 4189 1449 4277 Spiritu
1470 4192 1594 4271 sancti,
1628 4212 1695 4278 quo
1718 4211 1799 4258 vere
1828 4212 1891 4257 aas
1913 4192 2071 4271 viviticat,
2099 4194 2149 4257 ia·
2184 4252 2188 4259 .

136 4277 241 4343 sentis
264 4297 337 4344 eant
360 4279 395 4342 in
417 4280 543 4356 corde,
576 4289 761 4345 estractus
783 4277 926 4363 Spiritus
949 4276 1059 4342 sancti
1080 4277 1115 4341 in
1167 4273 1268 4342 cboat
1300 4276 1455 4344 intrabis
1488 4297 1611 4344 novam
1643 4289 1677 4342 et
1707 4289 1877 4344 aeternam
1910 4279 2080 4359 iustitiam,
2112 4290 2154 4367 et·

137 4361 250 4428 corde.
295 4362 461 4430 Salutaris
483 4364 635 4430 doctrina
657 4376 720 4447 cst,
741 4385 842 4453 quam
864 4363 993 4429 debetis
1014 4363 1114 4429 scire.
1166 4364 1267 4429 vitem
1290 4374 1473 4444 aeternam,
1518 4384 1581 4430 aaa
1601 4365 1726 4431 iustitia
1747 4375 1866 4449 pastea
1892 4365 1925 4430 in
1952 4367 2151 4432 aeternitate
2276 4364 2281 4373 ’

136 4446 187 4513 lta
207 4450 274 4516 cris
296 4452 479 4518 membrum
500 4446 691 4528 Ecclesiae;
723 4452 858 4538 quando
890 4448 957 4546 lide
988 4445 1115 4554 ample·
1167 4451 1459 4516 consummabitur.
1495 4385 1608 4519 qllaec
1640 4451 1750 4517 omnia
1778 4451 2041 4538 comprehendit,
2071 4466 2150 4519 cnm

138 4535 240 4600 cteris
261 4534 494 4625 Evangelium,
517 4549 550 4602 ει
572 4548 839 4617 ειιειευιεε,“εειι
861 4535 964 4622 erigs
986 4547 1020 4603 te
1038 4536 1115 4617 bde,
1165 4536 1285 4621 inquit:
1308 4539 1377 4620 Epa
1397 4544 1494 4606 odam
1514 4546 1681 4605 asumma
1708 4539 1753 4603 do
1773 4540 1842 4606 eie:
1872 4537 1907 4604 id
1929 4544 2000 4616 cst,
2032 4540 2076 4603 do
2097 4539 2149 4603 eis

135 4628 181 4687 ec
212 4620 383 4690 beneficiis
415 4632 555 4711 propter
587 4620 692 4690 tilium
712 4620 779 4690 Dei
808 4621 994 4710 promissis.
1037 4621 1116 4685 Mare
1166 4622 1396 4689 remissionem
1417 4635 1632 4711 peccatoram
1651 4634 1683 4689 et
1704 4624 1878 4707 iustitiam,
1905 4636 1939 4692 et
1971 4625 2147 4692 sanctifico
2178 4680 2182 4689 .

136 4708 229 4814 tegite
246 4705 318 4788 nol,
339 4730 405 4772 aas
426 4730 459 4772 es
474 4711 556 4815 ιιι,
589 4708 728 4777 Fiducia
760 4709 1009 4776 misericordiae
1040 4726 1116 4797 pro·
1166 4727 1228 4814 eos
1250 4708 1376 4816 Spiritu
1397 4722 1528 4817 sapcto.
1581 4710 1724 4784 Quaado
1742 4713 1895 4817 aad-imas
1915 4709 2146 4818 Evangellum,

136 4811 240 4944 3¹2⁸?
261 4806 402 4947 stit:
419 4793 645 4964 illidii,
658 4795 1116 4970 'ttdt'iititt‘ztt'tt
1166 4793 1283 4950 bb?
1290 4793 1986 4970 'libiam“lilidlldlbllilt
2013 4808 2147 4965 ddi?

134 4966 211 5030 etna
231 4970 292 5044 aad,
314 4986 421 5034 scruas
440 4989 525 5032 mate
544 4966 726 5052 tmifieadit
746 4966 869 5031 madan
913 4967 1038 5032 Deneitt
1054 4968 1116 5030 ilem
1166 4970 1243 5056 quia
1265 4966 1366 5036 Pater
1399 4978 1437 5035 et
1453 4968 1559 5037 Filius
1582 4970 1710 5054 spirant
1728 4969 1885 5120 Spiritum
1908 4983 2080 5053 sanctum,
2113 4982 2148 5037 et
2278 5052 2286 5063 .

133 5051 199 5116 enai
216 5052 309 5119 ansb·
353 5050 398 5120 Et
419 5057 564 5142 cogitate
585 5051 857 5122 rosetiamvelle
877 5056 1117 5123 membraesse
1165 5054 1232 5122 boc
1253 5054 1291 5120 iit
1308 5058 1366 5134 lta,
1388 5057 1522 5142 quando
1544 5058 1648 5124 verbo
1671 5058 1782 5124 vaani
1799 5059 1926 5137 andito,
1955 5054 2059 5124 Filius
2080 5056 2147 5123 Ilei

133 5136 321 5209 Ecclesiae.
367 5139 522 5228 Cogitate
543 5160 612 5208 noa
634 5139 724 5210 velle
744 5161 808 5210 voe
829 5143 957 5221 uivere,
984 5152 1021 5207 ut
1042 5138 1116 5230 gle-
1166 5152 1219 5209 cst
1252 5136 1390 5224 efficax,
1422 5155 1456 5209 et
1477 5141 1615 5210 ciinndit
1635 5143 1792 5230 Spiritum
1825 5154 1976 5211 sanctam
2007 5145 2042 5211 in
2076 5165 2146 5212 cor.
