4620 5588
159 223 241 303 ,aar
865 189 1513 303 aasumsuautnruonmna.
2114 217 2200 305 :ott

162 412 253 509 „Deif
278 410 361 477 ‘llic
382 414 527 479 sustinet
547 429 690 496 poenam
712 408 909 513 pro4nobis,
939 410 1078 514 imputat
1099 427 1158 493 no·
1211 410 1431 515 Quomodo
1461 413 1621 525 probas,
1653 414 1766 524 quod
1795 415 1848 497 sit
1878 414 2067 499 voluntas
2102 415 2195 520 Dei,

177 502 230 567 bis
253 500 404 564 meritum
427 517 534 575 suum,
557 509 592 561 et
613 495 670 559 dat
687 495 843 561 iustitiam
876 506 910 560 ει
938 509 1038 560 vatam
1054 506 1157 559 aeter·

176 607 267 652 nam.
312 582 443 649 Deinde
465 581 569 649 allicit
590 582 688 647 etiam
709 583 744 645 in
767 583 864 647 nobis
886 584 998 659 vitam,
1020 582 1077 646 dat
1099 599 1158 645 no·
1197 545 1257 629 ‘ul
1295 534 1433 656 (101θᾶ5
1470 565 1512 619 m
1548 535 1779 619 columnate
1817 535 1884 617 vel
1922 549 2053 620 m⁰¹⁹te
2090 536 2195 621 ami·

177 675 231 739 ιιι
266 673 308 736 ue
330 692 392 735 suo
415 671 553 755 spiritu,
586 669 701 732 aaron
724 670 758 732 a
778 687 839 732 uns
860 667 989 731 sautu
1008 667 1158 752 ynete,
1616 654 1787 738 corum?

166 761 260 826 dass
288 760 348 823 uir
380 759 439 822 uie
465 758 527 821 der
559 754 861 840 Archisynagogus
892 773 933 818 zu
964 754 1029 819 itu
1071 753 1158 825 elren,

178 848 246 911 und
267 842 344 927 uuff
361 844 416 908 ibn
437 862 498 907 uns
518 843 698 908 nutassen.
763 839 864 906 Certa
892 860 1013 924 magna
1042 774 1104 906 lbu
1124 841 1158 904 in
1297 837 1384 910 tinia
1406 849 1525 903 natura
1553 838 1673 902 insitae
1694 847 1772 903 sunt
1800 839 1898 904 nobis
1921 847 2052 924 στοργαι.
2099 838 2193 929 lton,

179 952 221 998 eo
243 931 339 1008 tides,
358 950 479 1014 ariagne
500 925 558 992 lux
580 926 668 1003 fidei,
692 939 726 992 ει
747 947 815 992 non
840 937 894 990 εει
919 922 1040 1012 legalis
1063 925 1159 991 fides.
1210 923 1399 988 mandatum
1422 934 1474 987 εει
1495 925 1593 989 nobis
1616 925 1791 1002 divinituS,
1820 937 1857 989 ut
1879 921 2056 1010 diligamus
2080 927 2193 992 coniu-

163 1019 228 1085 .Et·
249 1019 330 1082 teat
352 1015 469 1093 laicus,
491 1015 525 1080 id
547 1025 610 1093 est,
639 1010 855 1092 illuminatus,
881 1008 1085 1090 illuminans,
1107 1009 1159 1076 lu·
1211 1027 1285 1095 ges,
1307 1005 1628 1095 liberos,pa1·entes,
1651 1013 1787 1075 amicos.
1834 1010 1924 1076 llaec
1941 1023 2121 1096 praecepta
2144 1010 2193 1079 dl·

179 1106 288 1182 cidus,
308 1103 398 1182 licbt,
419 1101 494 1180 bell,
516 1097 699 1165 erleucbtet.
743 1099 820 1163 Dos
840 1106 923 1164 cort
944 1097 1020 1178 lalr,
1043 1110 1095 1164 εει
1114 1098 1158 1162 ab
1210 1096 1288 1160 vina
1311 1093 1610 1161 commonefaciunt
1642 1116 1707 1160 nos
1735 1098 1777 1161 de
1800 1095 1865 1161 hac
1885 1101 2007 1182 στοργῇ,
2062 1097 2194 1185 Σιοργῆ,

164 1210 232 1269 or,
253 1191 288 1254 id
310 1199 374 1271 est,
391 1186 450 1253 lux
472 1184 526 1253 vel
548 1184 672 1266 lumen,
694 1195 793 1251 etwas
819 1185 941 1250 licbtes.
1008 1185 1053 1250 Es
1075 1184 1160 1247 lton·
1211 1182 1244 1245 id
1268 1194 1331 1256 εει,
1355 1179 1515 1247 naturalis
1538 1180 1727 1263 inclinatio,
1760 1184 1842 1247 beist
1863 1186 1914 1248 et'u
1940 1185 2101 1249 sebttlicbe
2131 1206 2193 1253 nn·

179 1296 250 1344 nten
269 1277 334 1342 ciel
355 1271 523 1341 vocabula
544 1272 659 1339 daber.
724 1271 824 1349 ltem,
857 1271 945 1336 Mun
975 1270 1058 1337 ltuns
1078 1268 1161 1336 aucb
1211 1266 1347 1332 turlicbe
1367 1268 1457 1351 liobe,
1479 1269 1534 1333 dt‘e
1554 1267 1619 1334 kun
1635 1289 1711 1333 uttan
1733 1269 1821 1334 nicbt
1842 1272 1966 1348 ιιιιιὶειι,
2000 1271 2083 1335 utwb
2104 1270 2216 1352 nt'cbtx

181 1363 264 1428 toold
284 1363 465 1439 derinircn,
500 1361 581 1424 dass
602 1378 637 1423 es
658 1361 778 1425 doctor
804 1356 918 1423 beare.
984 1354 1161 1422 Vocabula
1211 1354 1385 1431 cusreden‚
1408 1355 1470 1420 scd
1491 1375 1595 1420 sensu
1615 1357 1806 1440 percipitur.
1872 1355 1938 1420 Die
1969 1359 2087 1442 iunpen
2107 1361 2193 1423 aaa

182 1463 261 1515 sunt
283 1446 415 1516 affinia,
445 1448 522 1532 quia
544 1445 698 1511 doctrina
719 1456 771 1510 est
788 1441 857 1510 lux.
900 1444 962 1508 Est
985 1441 1083 1509 valde
1105 1441 1161 1507 bo·
1211 1439 1335 1504 konnen
1367 1461 1402 1506 es
1435 1441 1528 1506 aba.
1546 1441 1634 1505 nicbt
1655 1461 1693 1506 so
1720 1442 2000 1519 wobloersteben
2023 1446 2191 1528 quianon

182 1549 299 1602 nestas
322 1531 447 1612 titulus,
470 1546 504 1597 et
527 1528 603 1596 talis
619 1532 719 1597 debet
736 1550 814 1595 esse
832 1531 1009 1608 honestus,
1031 1531 1106 1614 pius
1129 1538 1163 1592 ει
1214 1539 1266 1591 εει
1288 1539 1399 1592 tantus
1422 1548 1516 1591 arnor
1536 1526 1727 1593 inleriorum
1751 1548 1832 1613 erga
1853 1530 2057 1614 superiores
2088 1549 2192 1615 quan·

181 1619 292 1689 fidelis
315 1621 451 1699 doctor,
480 1619 534 1683 die
555 1619 630 1682 sind
652 1617 755 1684 lucidi
783 1631 817 1681 et
839 1614 1011 1682 illuminati
1033 1637 1054 1680 a
1075 1614 1160 1680 Deo.
1213 1625 1267 1678 tus
1291 1625 1342 1677 εει
1365 1616 1574 1698 superiorum
1597 1634 1679 1700 erga
1699 1613 1886 1680 inferiores.
1919 1615 2017 1679 Denn
2037 1617 2095 1680 wie
2115 1634 2192 1681 mun

182 1706 249 1772 Die
272 1707 416 1784 arden,
449 1705 504 1790 qui
528 1723 595 1766 non
618 1715 708 1769 recte
730 1704 871 1781 docent,
903 1713 982 1768 sunt
1003 1703 1163 1787 imposto-
1213 1697 1313 1784 pflept
1345 1720 1384 1764 zu
1415 1719 1526 1784 sapen,
1559 1700 1614 1764 die
1645 1699 1724 1766 tiebe
1752 1703 1865 1785 steiyet
1885 1709 1981 1766 anter
2001 1701 2081 1781 siclt,
2103 1701 2193 1768 nicbt

181 1813 250 1873 res,
273 1804 352 1860 sunt
368 1789 436 1878 lupi
458 1809 611 1876 rapaces
860 1854 863 1861 ,
1213 1786 1294 1850 ubet·
1315 1785 1394 1851 sun
1459 1783 1561 1851 Νειιιε
1592 1786 1717 1852 solebas
1745 1790 1797 1851 ein
1817 1788 1908 1852 iuter
1931 1789 1984 1853 bei
2002 1787 2065 1853 t‘btu
2085 1790 2193 1855 selber

523 1874 526 1879 ’
1215 1872 1269 1950 ab,
1291 1872 1359 1936 und
1379 1870 1498 1937 deucbe
1518 1870 1583 1936 ibm
1603 1872 1696 1938 nacla
1741 1872 1819 1941 ldeo
1842 1888 1952 1940 autem
1975 1877 2103 1940 debetis
2125 1873 2192 1943 hoo

367 1970 439 2052 ΒΘ
478 1969 671 2078 “mgb
701 1980 984 2079 pamm·
1212 1958 2192 2132 attinnt§¹22¹⁰0l{titt&tlibttltitlzni

268 2134 348 2200 Nun
375 2140 468 2219 supet
500 2152 554 2197 er:
586 2132 766 2208 Filiumea
787 2134 965 2218 uttipenita,
992 2130 1163 2219 μινιγειὴς,
1214 2131 1418 2213 patentibus,
1440 2127 1497 2194 alii
1520 2130 1638 2216 magis,
1660 2128 1715 2196 alii
1737 2133 1855 2197 minus.
1922 2132 1967 2196 Es
1999 2134 2042 2197 ist
2070 2133 2191 2206 beiner.
2284 2118 2289 2128 ’

166 2231 312 2290 mortua
333 2229 392 2286 est.
435 2218 497 2285 Est
518 2220 739 2285 tristissimum
763 2220 869 2295 πάθος
888 2222 1059 2284 insertum.
1094 2217 1163 2284 Von
1212 2216 1282 2304 der,
1302 2217 1356 2281 die
1385 2215 1527 2282 berticbe
1548 2216 1610 2281 lieb
1636 2219 1703 2282 und
1726 2226 1804 2282 tren
1820 2218 1903 2283 babo
1918 2238 2019 2303 peperi
2039 2221 2127 2284 seina
2147 2220 2192 2287 et·

167 2298 249 2376 ¹den
270 2310 389 2392 dinpcn
409 2325 510 2391 sapen
531 2308 592 2370 wir
613 2304 686 2388 ollt.
730 2305 887 2371 laventus
909 2326 977 2369 non
994 2303 1161 2390 intelligit,
1212 2311 1297 2379 tarn,
1322 2303 1354 2366 id
1379 2313 1440 2378 εει,
1462 2299 1555 2367 illum
1577 2322 1735 2383 atriorem,
1757 2326 1855 2390 quem
1880 2302 2003 2368 babent
2033 2317 2192 2390 parentes

169 2409 326 2481 ,quantus
361 2390 459 2457 dolor
491 2392 544 2456 sit·
567 2402 740 2476 parentum
769 2393 801 2455 in
830 2389 1016 2455 calamitate
1038 2390 1161 2456 libero·
1212 2408 1380 2475 erganos.
1403 2388 1479 2454 Das
1499 2387 1615 2453 ccbten
1635 2391 1695 2453 uit·
1715 2390 1814 2472 nield,
1837 2392 1909 2454 weit
1923 2393 1984 2455 wir
2004 2393 2059 2455 iun
2098 2390 2191 2458 sind:

166 2502 263 2546 ,ιιιιιι
309 2479 383 2543 Der
400 2476 541 2543 allectus
563 2478 647 2542 toird
669 2477 872 2542 berctuetet
897 2478 932 2541 in
958 2477 1029 2541 dem
1050 2496 1160 2542 exeta-
1211 2474 1362 2540 duonum
1383 2494 1472 2539 wem
1488 2477 1548 2539 uir
1570 2476 1619 2539 ott
1639 2476 1778 2555 werden,
1813 2478 1999 2563 cogitamus
2033 2480 2089 2541 ia
2119 2489 2191 2544 tan·

205 2564 240 2629 lo
264 2562 463 2642 Cauanaeao
484 2560 644 2642 mulieris,
665 2560 1097 2648 Matth.115,quaeclamat
1118 2562 1160 2628 ad
1212 2561 1299 2638 dem,
1321 2562 1454 2647 quando
1472 2573 1623 2625 nostrum
1638 2583 1787 2627 amorem
1799 2584 1881 2649 erga
1899 2564 2052 2647 proprios
2064 2561 2191 2629 liberos

169 2588 361 2729 ,bantinum
384 2651 427 2713 de
448 2670 511 2716 sua
532 2648 623 2726 blia3
644 2660 679 2714 ει
700 2653 733 2714 in
746 2650 845 2716 vidua
856 2650 1053 2735 Sareptena,
1075 2668 1161 2735 quae
1211 2647 1382 2712 sentimus.
1447 2646 1507 2711 Du
1528 2646 1668 2711 deneltcn
1685 2650 1763 2712 wir:
1797 2669 1895 2734 quam
1926 2645 2016 2713 luisti
2037 2649 2192 2736 ingratus

180 2739 340 2804 amiserat
362 2732 475 2801 filium.
515 2733 603 2811 ,tlte
626 2736 774 2822 cogitate
804 2732 955 2801 dolorem
976 2746 1160 2820 paternum,
1211 2734 1276 2800 tuis
1310 2734 1518 2818 parentibus!
1562 2734 1602 2796 In
1629 2734 1748 2798 diesem
1779 2743 1876 2807 noter
1904 2737 1948 2800 ist
1976 2736 2027 2799 ein
2060 2735 2191 2803 sotcber

179 2826 240 2890 wie
261 2825 357 2889 eseia
365 2841 501 2907 prosser
518 2817 615 2887 dolor
635 2841 777 2907 ρειεεεειι
798 2824 841 2888 ist
862 2824 897 2887 in
914 2822 1034 2886 diesem
1044 2820 1160 2905 Monte,
1209 2838 1345 2904 praeter
1365 2816 1523 2898 allectuS,
1557 2820 1618 2883 der
1639 2818 1728 2884 ιιίεΙιι
1749 2821 1946 2886 mtszureden
1968 2823 2028 2900 ist,
2062 2824 2121 2886 wia
2137 2821 2192 2888 iob

181 2911 272 2997 quod
305 2910 387 2975 vidit
418 2929 457 2973 se
490 2909 660 2994 unigenita
693 2929 754 2975 sua
787 2906 856 2973 lilia
887 2909 1040 2975 orbatum
1067 2927 1160 2973 εεεει
1212 2903 1274 2989 offt
1305 2924 1408 2989 supe,
1428 2906 1497 2970 und
1527 2907 1571 2970 ist
1601 2905 1763 2990 penisticb
1784 2926 1872 2987 war,
1901 2926 1966 2973 wer
1983 2906 2099 2973 ltinder
2120 2907 2182 2976 tu

180 2997 266 3063 vird
287 2997 351 3061 ιἸιιιι
368 3014 430 3062 aus
451 2994 559 3061 bertae
576 3014 706 3080 yattpen
726 3014 812 3081 sepa.
1135 3048 1138 3053 .
1210 2993 1312 3057 uirds
1333 2993 1395 3055 uol
1414 2990 1510 3056 inneb
1525 2992 1669 3056 aarum*
2168 3008 2172 3027 ¹

268 3078 411 3150 Contra:
784 3150 788 3161 ,
1298 3077 1449 3153 Omnium
1482 3075 1635 3143 dolorum
1661 3090 1739 3163 post
1760 3097 1896 3144 sensum
1919 3079 1988 3144 irae
2005 3079 2082 3160 Dei,
2104 3100 2192 3148 sum·

1210 3185 1285 3231 mus
1308 3176 1341 3229 et
1362 3165 1524 3229 maximus
1546 3176 1599 3230 est
1615 3178 1789 3247 parentum
1810 3162 2041 3232 incolumitate
2063 3164 2189 3235 libero·

271 3221 420 3287 Voluntas
441 3222 585 3285 bumana
606 3221 700 3286 debet
719 3223 899 3302 erasm
927 3238 1000 3285 ειιε
1020 3236 1092 3286 cum
1112 3237 1161 3285 oo
1209 3272 1293 3318 mm·
1338 3250 1384 3315 53
1405 3250 1475 3315 ,hut
1491 3250 1554 3314 dm
1570 3251 1671 3317 eum,
1691 3252 1756 3316 vid
1775 3252 1889 3330 weber,
1912 3271 2018 3317 wem
2039 3254 2102 3318 dm
2124 3254 2189 3319 m

351 3309 476 3371 ‘uillas‘
498 3307 578 3371 ⁰⁹⁸⁸?
1209 3341 1292 3405 dern
1312 3337 1386 3401 ubet
1402 3337 1505 3421 pedet,
1529 3357 1628 3422 quam
1651 3358 1742 3401 mors
1765 3339 1854 3422 ipsa:
1878 3348 1912 3400 ιιι
1934 3337 2041 3402 Adam
2065 3351 2097 3403 ct
2117 3338 2190 3407 Eva

274 3393 423 3456 mmm
444 3392 595 3492 ΨΜ
617 3399 653 3454 “l
672 3392 730 3455 ma
748 3391 818 3469 filla
839 3397 1040 3455 ''mrem''
1144 3480 1150 3492 ,
1208 3440 1288 3509 post
1308 3443 1444 3487 sensum
1461 3424 1531 3487 irae
1550 3421 1626 3500 Del,
1643 3420 1724 3487 nibil
1736 3424 1888 3488 viderunt
1900 3424 2067 3503 acerbluS,
2089 3445 2190 3509 qnam

267 3479 355 3558 Em
376 3476 487 3541 ‘belm'
506 3474 561 3540 me
581 3476 702 3539 'mles‘
720 3481 923 3557 patmum
958 3493 1022 3541 '¹⁰²¹
1046 3477 1164 3583 ‚dem
1208 3521 1347 3573 mortem
1381 3506 1515 3571 Abelis:
1547 3519 1722 3590 praeterea
1754 3508 1817 3573 fuit
1840 3506 1906 3572 illis
1928 3508 2031 3573 multo
2056 3512 2187 3578 tristius

351 3563 472 3627 ‘mm'
623 3670 626 3676 ¹
880 3598 886 3609 “
1209 3607 1326 3668 ιιιοιιε,
1359 3595 1450 3679 quod
1471 3594 1625 3658 viderunt
1646 3591 1728 3658 Cain
1753 3596 1898 3660 condere
1920 3615 2042 3660 novam
2070 3594 2190 3663 Eccle-

268 3681 341 3746 Das
363 3682 409 3745 iu.
429 3681 480 3744 ein
500 3699 615 3765 prosa,
644 3677 726 3744 boob
746 3693 976 3766 argumentum
998 3682 1032 3746 in
1053 3678 1160 3745 Theo·
1208 3681 1302 3758 siam,
1325 3679 1523 3745 contrariam
1547 3699 1647 3744 verae
1669 3669 1852 3745 Ecclesiae.
1887 3679 2042 3766 Cogitato
2064 3693 2187 3764 tantem
2283 3693 2289 3704 '

179 3764 272 3854 logia
293 3763 506 3834 Scholastica
525 3786 677 3852 peceant
790 3801 799 3807 -
1208 3767 1267 3830 uie
1294 3786 1329 3831 es
1357 3785 1395 3831 so
1419 3784 1512 3832 urina
1540 3768 1605 3831 leut
1633 3785 1776 3850 pacetur
1792 3766 1878 3831 sind.
1923 3766 2067 3832 Pdmum
2089 3771 2191 3836 susti·

245 3852 467 3937 Respondeo
490 3854 533 3918 ad
555 3852 803 3939 propositiones
821 3848 983 3939 singulas.
1050 3848 1159 3917 Illaior
1209 3863 1353 3918 nuerunt
1373 3848 1464 3917 illum
1487 3850 1677 3942 horribilem
1699 3873 1934 3941 paroxysmum
1956 3856 1989 3917 in
2008 3855 2191 3934 Paradiso3

180 3951 234 4007 εει
265 3937 459 4023 simpliciter
492 3959 590 4022 vera,
625 3934 754 4003 scilicet
775 3939 831 4002 ubi
854 3950 905 4003 cst
929 3935 1078 4003 revelata
1100 3960 1157 4004 vo·
1208 3948 1341 4024 postea,
1364 3940 1497 4023 quaudo
1515 3935 1649 4005 luerunt
1670 3942 1879 4024 spectatores
1891 3941 2077 4028 parricidii3
2098 3952 2189 4028 post·

178 4023 290 4092 luntas
310 4023 386 4091 Dei.
451 4025 506 4089 Ad
527 4024 707 4091 Minoremt
740 4021 834 4089 Haec
861 4037 913 4090 εει
930 4020 1156 4089 insufficiens:
1209 4045 1313 4103 retno,
1347 4025 1481 4109 quando
1514 4026 1667 4090 viderunt
1690 4026 1778 4109 impii
1801 4024 1911 4090 cultus
1940 4027 2188 4095 institutionem.

180 4125 232 4179 εει
257 4110 410 4178 voluntas
432 4107 496 4176 Dei
519 4112 629 4188 atiani,
651 4123 689 4176 ut
710 4106 841 4190 doleas,
875 4111 968 4175 Deus
1000 4106 1088 4182 vult,
1120 4122 1157 4176 ut
1209 4111 1277 4176 lsta
1295 4112 1449 4175 discatis:
1484 4125 1518 4177 et
1551 4112 1772 4176 consideretis
1802 4123 1962 4176 naturam.
2028 4112 2115 4186 Quid
2138 4126 2191 4181 est

179 4196 315 4276 doleas,
348 4211 381 4262 ει
404 4210 440 4263 ιιι
461 4197 645 4263 modereris
667 4194 839 4275 dolorem:
873 4217 954 4282 ergo
976 4193 1034 4263 ille
1057 4197 1158 4261 ‘lebet
1208 4200 1350 4285 turpiuS,
1372 4218 1468 4282 quam
1491 4199 1558 4263 ista
1578 4218 1645 4262 non
1669 4197 1841 4282 cogitare?
1884 4195 2011 4263 Paulus
2034 4199 2188 4268 adliom.

180 4295 213 4349 ει
235 4280 360 4364 (lolem,
382 4295 415 4348 ot
436 4285 570 4348 vincere
605 4280 764 4349 dolorem.
835 4280 991 4367 Voluntas
1017 4280 1158 4348 bumana
1209 4295 1349 4349 accusat
1360 4281 1432 4349 ἄστυ
1451 4282 1531 4365 γόυς,
1553 4283 1587 4348 id
1609 4294 1674 4362 est,
1695 4286 1769 4348 sinc
1786 4281 1994 4348 naturalibus
2011 4285 2191 4353 aflectibus

180 4369 272 4434 debet
295 4390 364 4435 mse
386 4365 562 4451 conformis
583 4390 652 4434 ctum
674 4372 841 4435 uoluntate
861 4370 939 4447 Dei,
961 4370 1156 4455 pracsertim
1214 4368 1379 4436 homines.
1424 4308 1585 4454 baempla
1613 4387 1691 4434 sunt
1714 4371 1896 4455 conspicua
1918 4371 1952 4434 in
1975 4373 2190 4459 principibus

181 4476 256 4521 cum
278 4453 437 4521 revelata.
503 4455 576 4520 lloc
609 4457 682 4520 sine
713 4452 784 4521 ulla
816 4455 1019 4522 dubitatione
1041 4474 1156 4521 verum
1208 4454 1275 4523 Die
1302 4457 1378 4521 sind
1410 4459 1461 4521 ein
1482 4455 1604 4521 solebas
1623 4456 1719 4522 odler
1740 4456 1937 4541 yesoblecbt,
1973 4457 2097 4524 beissen
2118 4459 2190 4525 siclt

182 4553 245 4605 est.
312 4539 428 4606 Voluit
458 4539 554 4608 Dens
587 4538 687 4607 filiam
715 4541 813 4607 buius
835 4542 931 4609 rnori.
997 4540 1156 4625 ltu-dicat
1208 4542 1306 4607 selbst
1333 4549 1430 4606 unter
1462 4543 1634 4621 eittender,
1663 4541 1778 4608 aebten
1800 4542 1911 4608 beiner
1933 4539 2190 4629 treunusctafft

180 4624 406 4710 unusquilibet
427 4628 474 4693 ds
492 4648 530 4692 se
553 4629 639 4713 ipso,
657 4639 765 4712 patre,
787 4641 904 4707 matre,
926 4641 959 4692 et
985 4624 1077 4692 aliis:
1105 4648 1156 4692 er·
1209 4628 1368 4693 Scribant
1390 4627 1432 4693 de
1453 4626 1575 4714 aquila,
1598 4631 1732 4713 quando
1754 4625 1895 4694 exclusit
1917 4628 2047 4714 pullos,
2075 4633 2190 4700 statim

180 4732 226 4863 po
248 4710 342 4776 Deus
360 4710 440 4792 vult,
462 4730 498 4778 ut
520 4735 588 4779 uon
610 4713 737 4779 tloleas.
805 4712 877 4780 lloc
900 4734 967 4779 non
991 4713 1152 4798 seqnitur.
1208 4714 1351 4779 extrudit
1380 4734 1440 4779 eos
1473 4735 1515 4779 ειι
1548 4715 1641 4779 nido:
1675 4734 1799 4780 corvus
1836 4713 1990 4801 relinquit
2018 4714 2129 4799 pullos
2152 4719 2187 4785 in

200 4797 292 4862 liuor
313 4809 365 4863 est
375 4797 596 4866 insufficiens:
622 4798 785 4865 Voluntas
797 4798 862 4866 Dei
873 4812 939 4877 est,
960 4811 996 4865 ut
1012 4796 1155 4877 doleam,
1208 4800 1311 4875 nidis;
1333 4801 1394 4865 sed
1418 4801 1489 4886 ipse
1511 4821 1579 4864 non
1601 4798 1659 4865 alit
1681 4821 1760 4866 eos·
1814 4801 1929 4866 notate
1951 4803 2016 4865 tent
2039 4805 2114 4868 sind
2136 4806 2190 4871 dia

180 4896 215 4949 ει
237 4885 367 4949 vincam
391 4882 540 4952 dolorem
559 4884 668 4952 illum:
692 4884 875 4972 Utrumque
896 4900 949 4951 est
973 4882 1156 4953 voluntatis
1209 4885 1394 4971 Principes,
1415 4890 1467 4952 ein
1484 4887 1580 4953 udler
1600 4887 1668 4952 und
1688 4888 1791 4952 ruben
1809 4886 2000 4973 yescblecbt,
2021 4887 2190 4978 Harpyiae

180 4970 323 5034 divinae.
366 4974 432 5037 lam
454 4971 488 5036 in
511 4971 746 5038 conclusione:
773 4970 866 5059 Ergo
888 4970 944 5038 ille
966 4983 1058 5038 recte
1080 4969 1158 5036 lacit
1209 4983 1241 5037 ει
1263 4968 1413 5057 ἄστοργοι.
1488 4971 1555 5038 Von
1583 4975 1646 5038 den
1667 4975 1790 5058 viperis
1819 4974 1976 5039 scbreibet
1997 4996 2072 5040 trinu
2093 4974 2189 5057 αιιεῖι,

181 5054 319 5133 dolens,
352 5068 385 5121 et
407 5070 517 5122 tamen
544 5078 732 5146 repugnans
754 5057 875 5124 dolori,
940 5058 1000 5125 Du
1020 5058 1158 5126 konnen
1210 5059 1343 5143 quando
1366 5079 1438 5124 mas
1463 5062 1653 5125 concumbit
1671 5080 1746 5125 cum
1770 5060 1901 5144 vipera,
1932 5064 2129 5128 concubitus
2152 5061 2190 5131 fit

179 5160 246 5209 taen
263 5142 381 5209 scbdne
402 5145 598 5212 doetrinae..
1124 5222 1127 5227 ¹
1209 5162 1271 5231 per
1293 5142 1417 5210 collum
1440 5153 1507 5226 (εει
1527 5147 1638 5232 imago
1661 5142 1823 5212 malorum
1846 5146 2034 5228 doctorum)
2057 5149 2102 5213 ibi
2119 5147 2191 5218 loo·

1937 5253 1989 5323 δι’,
