4620 5588
153 202 229 315 m
799 200 913 269 enm
935 198 1041 268 MEL.
1064 198 1251 269 SCRIPTA
1274 197 1542 267 EXEGE'l'lGA.
1684 306 1693 315 ‚
1968 213 1972 219 '
2112 202 2182 271 m

157 405 296 476 tantum,
318 415 406 480 quae
427 394 527 460 nobis
550 395 714 475 arrident,
743 395 804 460 sed
828 403 863 458 ut
884 403 1064 478 quaeratur
1085 412 1144 456 na·
1192 399 1276 475 parat
1297 391 1401 469 ιἰιιιιι,
1424 368 1522 474 ’φιοιι
1551 390 1664 454 mutus
1690 396 1749 454 eat.
1805 387 1864 456 Sic
1901 410 1970 456 non
2002 390 2180 460 iaciamust

158 484 227 548 tiva
259 483 426 546 sententia
457 483 553 546 verbi
585 478 660 545 Dei.
723 481 821 546 Vana
849 480 985 565 ingenia
1018 491 1143 543 tantum
1196 497 1418 562 excerpamus
1441 479 1545 541 bona:
1578 487 1711 542 utamur
1733 476 1775 540 iis
1803 479 1846 542 ad
1868 499 2072 544 communem
2095 479 2181 546 utili·

158 567 370 634 delectantur
393 569 673 652 disputationibus
696 569 868 633 inanibus:
902 566 1144 630 Accedereau·
1196 576 1308 629 tatem.
1353 563 1546 642 Discamus,
1570 584 1637 627 non
1660 574 1786 628 tantum
1808 577 1842 630 ut
1864 565 2087 648 disputemus,
2118 569 2179 633 sed

159 666 225 720 tem
250 666 383 737 oportet
404 656 448 719 ad
470 656 614 720 studium
636 652 808 733 lectionis,
829 655 1087 729 invocationem,
1108 661 1145 715 ut
1197 663 1233 715 ut
1255 650 1449 735 invocemus
1474 663 1506 713 et
1537 648 1745 714 celebremus
1768 649 1900 736 Deum,
1932 665 1965 717 et
1994 655 2180 740 cogitemus

159 741 303 825 Spiritus
338 754 478 804 sanctus
512 755 608 826 regat
644 742 747 805 corda
781 752 920 817 nostra,
954 753 987 804 et
1015 751 1144 802 mentes
1196 756 1260 801 uos
1282 738 1316 801 in
1339 738 1428 800 omni
1452 736 1648 801 aeternitate
1671 734 1901 805 celebraturos
1923 736 2043 805 Deum.
2077 739 2181 808 latum

158 840 312 893 nostras:
347 827 425 891 ldeo
443 826 543 892 simul
566 824 776 892 clamandum
799 838 852 891 est
874 826 916 889 ad
939 823 1073 903 Deum,
1108 835 1145 889 ut
1196 835 1330 909 portum
1351 823 1546 890 intueamur.

158 914 233 1001 ipse
254 926 372 1001 tangat
393 912 553 1000 linguam,
578 926 610 978 et
631 935 730 979 aures
753 924 890 978 nostras
912 911 1051 995 aperiat.
1283 908 1358 974 Sint
1386 921 1497 973 autem
1530 909 1627 973 nobis
1661 919 1757 995 grata
1790 911 1980 978 testimonia
2000 914 2181 999 Augustini

247 1001 304 1066 Sic
326 1001 467 1065 dieitur:
509 1001 652 1078 Docete,
681 1008 712 1064 et
741 1001 909 1064 emendate
934 1018 994 1062 cos
1015 1004 1147 1063 mutuo:
1196 995 1239 1060 de
1271 995 1459 1078 praecipuis
1493 996 1665 1060 doctrinae
1697 997 1858 1078 partibus.
1907 999 1948 1063 lis
1982 1001 2180 1066 testimoniis

159 1087 284 1165 idest,
318 1099 513 1171 exspectate
545 1085 812 1152 illuminationes.
857 1085 934 1149 Non
956 1082 1028 1149 vult
1050 1082 1144 1148 Deus
1196 1081 1296 1146 etiam
1320 1080 1442 1146 Graeci
1470 1093 1616 1147 utuntur.
1673 1080 1814 1154 Quidam
1848 1081 2001 1150 Graecus
2034 1088 2180 1153 ostendit

159 1192 199 1240 se
223 1171 374 1238 revelare
402 1175 690 1239 contemnentibus
713 1173 939 1237 ministerium.
983 1171 1144 1236 Amemus
1198 1168 1366 1232 Germano
1399 1164 1497 1231 alicui
1538 1165 1659 1233 multos
1694 1166 1800 1233 libros
1831 1169 2012 1255 Augustini
2048 1173 2180 1239 Graece

159 1256 313 1346 publicos
336 1279 555 1345 congressus,
578 1270 610 1324 et
633 1258 849 1324 ministerium
876 1259 991 1334 verbi,
1024 1268 1058 1320 et
1080 1277 1144 1321 nos
1196 1254 1360 1337 scriptosr
1394 1252 1490 1325 Quod
1513 1267 1566 1318 est
1587 1257 1742 1339 signum,
1776 1275 1851 1320 eum
1873 1261 2052 1343 expetitum
2075 1256 2180 1326 fuisse

161 1349 404 1433 coniungamus
428 1347 471 1410 ad
494 1366 701 1411 communem
724 1343 1009 1410 consociationem
1027 1340 1146 1409 Eccle·
1196 1339 1431 1406 avolantibus
1453 1341 1573 1405 iudicio
1601 1341 1634 1404 in
1656 1342 1730 1426 ipsa
1754 1340 1907 1408 Graecia.
1951 1342 2181 1413 Bene'docuit

159 1434 243 1517 siae,
266 1448 302 1497 ut
324 1434 445 1497 dicitur
467 1433 511 1496 ad
541 1433 736 1496 Hebraeos:
781 1431 859 1494 Nou
887 1431 1145 1514 derelinquentes
1196 1427 1405 1511 Augustinus
1428 1427 1470 1490 de
1492 1426 1664 1507 lumitate,
1687 1428 1730 1493 de
1753 1431 1933 1513 gratitudo
1954 1434 2102 1512 iustitia,
2137 1435 2180 1499 de

159 1522 429 1604 corrpreputimtes
445 1527 586 1583 oestrus.
629 1517 725 1583 ltem:
769 1516 847 1582 Noa
863 1512 1024 1598 facientes
1044 1516 1145 1582 schis-
1197 1533 1264 1599 qua
1286 1513 1404 1597 inquit:
1428 1511 1541 1578 Omrtic
1552 1513 1701 1672 gduciue
1722 1516 1885 1581 certitudo
1907 1527 1955 1583 est
1976 1521 2011 1583 iu
2031 1521 2180 1602 pretioso

159 1615 261 1672 mter.
1196 1600 1352 1684 renquiae
1373 1597 1507 1664 Christi.
1584 1601 1652 1664 uod
1674 1614 1726 1665 est
1749 1615 1866 1667 contra
1881 1604 2098 1670 Osiandrum=
2122 1628 2179 1672 ex·

71 1754 74 1759 .
249 1691 413 1756 Omnibus
436 1691 642 1775 temporibus
659 1686 728 1754 tale
750 1689 905 1775 quiddam
928 1685 1011 1766 suit,
1045 1683 1144 1774 quale
1196 1696 1245 1749 tat
1277 1688 1310 1750 iu
1337 1682 1422 1749 libro
1445 1684 1706 1752 llleditutionum.
1749 1686 1809 1753 Sic
1842 1689 1945 1756 habet
1977 1688 2042 1757 alia
2074 1691 2180 1760 multa

160 1789 214 1844 est
237 1774 612 1843 Schweuckieldianum
635 1775 769 1862 dogma,
792 1788 824 1840 et
846 1776 1144 1860 Anabaptisticum.
1197 1772 1287 1837 dicta
1310 1783 1427 1836 eontra
1448 1772 1665 1836 Pontificius·
1698 1772 1766 1838 Per
1787 1776 1885 1859 lepcm
1907 1779 2050 1843 timemus
2059 1779 2180 1866 Deurn,

159 1861 263 1931 Tales
285 1864 386 1928 etiam
407 1860 541 1928 suerunt
557 1861 757 1927 Donatistae
777 1862 811 1925 In
834 1859 963 1939 Africa,
985 1863 1041 1946 qui
1064 1883 1145 1948 quo·
1193 1877 1256 1941 per
1275 1857 1368 1945 fidem
1391 1866 1496 1924 autem
1520 1860 1695 1944 accipimus
1719 1862 1937 1928 ranucionem
1953 1873 2178 1948 peccatorum,

159 1952 248 2017 uiam
272 1950 516 2014 concurrebant
538 1960 618 2014 tunc
640 1968 708 2013 nou
730 1945 849 2027 aliter,
881 1968 978 2033 quam
1012 1948 1045 2012 in
1075 1948 1145 2034 qui·
1195 1953 1226 2009 et
1248 1945 1408 2028 Spiritum
1435 1946 1598 2033 b'unctum.
1642 1947 1797 2033 Denique
1829 1946 1943 2015 nullus
1976 1952 2063 2017 inter
2095 1952 2179 2020 scri·

161 2036 303 2102 busdam
323 2031 420 2112 locis,
443 2035 539 2100 istius
563 2035 711 2099 seditiosi
741 2037 875 2120 generis
904 2031 1056 2099 homines
1085 2053 1144 2099 no·
1194 2043 1309 2117 ptores
1331 2028 1568 2098 anteferendus
1589 2046 1642 2098 est
1664 2033 1715 2098 Au
1765 2035 1865 2101 stino.

159 2123 241 2187 stris
263 2121 469 2206 temporibus
492 2120 659 2192 fecerunt:
704 2120 809 2186 Facta
838 2132 917 2185 sunt
944 2132 1061 2187 contra
1082 2141 1143 2187 eos
1281 2116 1392 2183 Habet
1424 2130 1533 2184 autem
1567 2140 1723 2205 unaquae
1738 2122 1805 2186 ibet
1839 2132 1934 2187 aetas
1962 2120 2085 2211 aliquid
2120 2125 2179 2191 im·

161 2208 261 2274 etiam
289 2206 528 2292 imperatorum
561 2208 719 2286 decreta,
754 2218 788 2272 et
819 2207 957 2273 urbibus
989 2207 1144 2291 imposita
1194 2201 1396 2270 bacillitatis.
1441 2205 1498 2270 Sic
1520 2205 1554 2269 in
1575 2207 1650 2290 ipso
1669 2219 1805 2294 quoque
1826 2220 1879 2273 est
1900 2207 2013 2296 aliqua
2034 2211 2179 2279 imbecil-

160 2306 240 2361 sunt
262 2294 441 2379 praesidia.
486 2293 584 2366 Quod
607 2313 682 2358 cum
710 2312 730 2358 a
756 2311 793 2358 re
820 2293 968 2373 ferrem,
1001 2295 1144 2378 scripse-
1193 2287 1272 2357 litas
1296 2291 1337 2355 de
1360 2290 1460 2369 votis,
1484 2292 1526 2355 de
1536 2289 1752 2373 Monaehatu,
1774 2297 1816 2359 de
1838 2295 2080 2362 traditionibus.
2113 2297 2177 2366 'l'a-

160 2391 240 2447 runt
262 2392 380 2447 contra
402 2379 638 2465 Augustinum,
661 2313 851 2446 Ecclesiam
872 2400 940 2444 uon
962 2376 1143 2466 implorare
1193 2374 1240 2441 lia
1261 2377 1492 2443 condonemus
1513 2379 1728 2463 temporibus.
1763 2378 1958 2466 Cogitemus
1981 2383 2080 2450 nobis
2097 2406 2179 2472 quo·

137 2464 284 2545 ‚auxilia
304 2486 325 2531 a
346 2461 482 2551 politica
504 2476 688 2550 potestate,
716 2478 753 2530 ut
781 2466 845 2530 iam
868 2456 1001 2552 quodue
1023 2478 1142 2532 eontra
1194 2483 1259 2549 que
1281 2461 1392 2550 aliqua
1410 2463 1633 2530 condonanda
1654 2487 1744 2532 esse.
1787 2466 1896 2532 Etiam
1929 2489 1992 2534 nos
2026 2491 2094 2536 non
2122 2486 2179 2539 su·

161 2551 382 2619 Genevenses
404 2550 507 2638 aliqui
540 2551 675 2619 fanatici
708 2554 898 2637 disputant,
955 2553 1022 2618 uod
1055 2549 1143 2618 male
1193 2569 1268 2614 mus
1291 2548 1453 2615 Semidei=
1477 2552 1679 2618 exstruimus
1697 2573 1802 2637 saepe
1823 2553 1966 2638 stipulas
1993 2576 2098 2642 super
2119 2579 2178 2625 au·

160 2640 204 2706 de
237 2640 379 2705 Serveto
411 2650 578 2724 sumptum
612 2641 655 2703 sit
687 2638 895 2789 supplicium.
976 2636 1142 2704 onifacius
1193 2656 1279 2703 rum,
1337 2637 1547 2722 Augustinus
1578 2640 1652 2724 ipse
1684 2639 1727 2706 de
1760 2641 1991 2708 traditionibus
2023 2642 2178 2710 ltmuanis

157 2726 210 2792 vir
230 2723 408 2805 honestus,
430 2729 558 2791 amicus
580 2725 772 2812 Augustin,
794 2736 827 2791 et
850 2721 905 2789 ulii
915 2770 928 2803 ,
960 2726 1016 2810 qui
1048 2745 1142 2792 rexe·
1193 2722 1280 2788 bene
1300 2721 1368 2788 hoe
1390 2724 1514 2804 docuit,
1532 2744 1599 2790 non
1627 2745 1707 2791 esse
1733 2746 1794 2793 eas
1825 2728 1984 2794 iustitiam
1996 2774 2008 2810 ,
2036 2742 2070 2796 et
2102 2731 2179 2798 sine

155 2822 235 2879 runt
256 2823 337 2876 tunc
365 2810 538 2888 Africam,
571 2821 814 2898 oppresserunt
845 2807 1005 2877 tumultus
1028 2808 1142 2877 Dona·
1192 2820 1335 2893 peceato
1358 2809 1462 2874 omitti
1485 2830 1598 2895 posse.
1642 2809 1696 2877 De
1719 2823 1824 2879 matre
1840 2815 1914 2880 eius
1936 2815 2063 2897 dicunt,
2085 2819 2179 2905 qnod

155 2899 320 2966 tistarum.
386 2898 596 2984 Augustinus
629 2899 673 2964 ad
705 2895 797 2964 illam
836 2898 1058 2964 abiectionem
1090 2916 1142 2963 re·
1194 2894 1323 2960 viderat
1344 2898 1618 2963 consuetudinem
1637 2896 1779 2981 Romae,
1795 2912 1831 2967 ut
1852 2902 1896 2987 pii
1918 2903 2101 2969 ieiunarent
2122 2905 2179 2970 die

35 3050 39 3055 .
153 2984 316 3070 spondet:
342 2981 388 3049 Se
407 3004 472 3050 aon
494 2985 666 3050 docmnue
685 3004 807 3052 causae
826 2985 1010 3069 implorare
1032 2983 1142 3070 Μαρι-
1193 2980 1226 3046 6.
1248 2993 1282 3046 et
1304 2979 1336 3047 7.
1390 2980 1492 3049 Venit
1524 2980 1764 3052 Mediolanumr
1796 2987 1878 3054 vidit
1907 2989 1996 3055 idem
2029 2991 2075 3056 ibi
2107 3011 2179 3058 uon

153 3078 309 3149 matum,
330 3072 391 3136 scd
412 3079 530 3137 contra
560 3073 742 3139 seditiosos.
796 3070 870 3136 lloo
892 3083 985 3138 recte
1007 3071 1142 3150 dieitur,
1192 3067 1279 3172 ¹⁵⁰Jl’
1303 3067 1365 3132 sed
1386 3077 1513 3135 tantum
1534 3070 1564 3136 7.
1586 3070 1655 3137 die:
1695 3071 1791 3146 Quae
1819 3075 1898 3142 sivit
1919 3094 1961 3140 ex
1982 3075 2178 3158 Ambrosio,

256 3167 412 3308 ιιι
433 3154 713 3312 tutta
734 3156 919 3312 titum
937 3159 1142 3313 reditu
1189 3154 1270 3243 ιι
1291 3150 1406 3293 ιιι
1427 3156 1590 3226 ιιι
1611 3156 1800 3245 ιι
1820 3160 2042 3303 ιιι

154 3244 454 3419 lihlilnlllnrenil*linig
471 3328 584 3415 Palam
613 3267 863 3399 contrepneum
896 3332 1072 3410 dicuntur,
1104 3340 1142 3396 ut
1232 3306 1240 3317 ⁰
1319 3273 1361 3428 g:
1375 3270 1486 3430 sm
1506 3276 1815 3431 ἒὲωαθιῖζῖιιίξιθ
1835 3291 1938 3391 ῡξυιιο
1958 3303 2068 3350 morer

153 3417 313 3505 Periuria,
335 3417 387 3484 δίο
408 3437 543 3506 quoque
563 3419 749 3500 haereses,
780 3439 868 3507 quae
893 3431 1037 3504 possunt
1058 3418 1140 3486 ruffi.
1375 3358 1398 3446 s
1556 3364 1599 3445 ld,
1619 3376 1703 3435 ww
1741 3377 1827 3436 secut
1847 3370 1902 3439 ebt

154 3523 237 3572 Μ
1278 3499 1355 3569 Hoc
1387 3522 1504 3568 verum
1536 3513 1591 3568 est
1623 3503 1667 3570 de
1698 3502 1765 3572 illis
1795 3509 1942 3574 externis
1964 3508 2175 3579 ceremoniis.
2273 3521 2282 3538 ’

242 3588 313 3657 lam
334 3590 481 3678 cogitate
497 3592 574 3658 hoe.
616 3588 715 3658 Deus
736 3591 881 3672 subinde
910 3591 1035 3658 excitat
1057 3609 1141 3657 vasa
1192 3587 1229 3657 Si
1251 3586 1461 3676 Augustinus
1482 3586 1583 3655 hodic
1600 3592 2178 3673 viverradtosretbmcessosuan

152 3678 403 3745 misericordiae
426 3679 503 3744 inda
525 3697 634 3765 usque
655 3680 698 3745 ab
720 3679 814 3746 initio
836 3680 972 3766 generis
994 3675 1141 3756 humani,
1192 3676 1402 3756 seutentiam,
1448 3695 1525 3741 uam
1547 3690 1687 3744 servant
1713 3691 1852 3747 nostrae
1873 3679 2063 3750 Ecclesiae:
2092 3683 2178 3750 vixit

153 3765 212 3852 qui
232 3761 342 3829 lucem
363 3777 533 3852 uteunque
555 3785 674 3831 rursus
696 3765 902 3845 accendunt,
958 3765 1070 3831 nando
1092 3774 1140 3830 te·
1191 3781 1299 3828 annos
1322 3761 1376 3827 76.
1418 3696 1573 3830 Illortuus
1605 3776 1658 3830 est
1690 3786 1779 3830 anno
1802 3765 1926 3835 Christi
1948 3768 2025 3847 tab,
2045 3766 2098 3836 28.
2121 3770 2179 3837 die

152 3852 279 3918 nebrae
295 3848 520 3917 invaluerunt⁴
564 3851 622 3917 Sic
643 3853 852 3939 Augustinus
885 3785 1052 3917 exdltatus
1086 3858 1141 3916 est
1191 3848 1361 3936 Augusti,
1393 3850 1478 3914 urbe
1509 3846 1664 3936 Hippone
1697 3852 1923 3921 circumsessa
1954 3877 1976 3921 a
1999 3853 2176 3922 Vandalis.

150 3937 198 4004 ed
229 3939 468 4004 restituendam
501 3939 685 4006 veritatem.
750 3936 801 4004 lta
839 3949 958 4002 nostro
990 3949 1141 4020 tempore
1191 3934 1299 4000 Totus
1321 3934 1416 4001 orbis
1437 3932 1609 4001 Romanus
1631 3947 1711 4003 tune
1732 3936 1795 4006 fuit
1822 3943 1984 4024 perditus.
2028 3940 2178 4009 Fuerunt

151 4017 251 4091 Deus
272 4024 471 4090 instauravit
492 4026 691 4106 doctrinam,
712 4045 799 4111 quac
816 4022 879 4090 Dei
902 4023 1065 4090 beneficio
1087 4032 1141 4088 est
1191 4023 1356 4088 maximae
1390 4017 1613 4102 conlusores,
1638 4044 1702 4090 nec
1723 4035 1851 4094 tautum
1873 4027 2014 4114 imperia
2042 4029 2178 4097 turbata

151 4106 283 4196 melior,
305 4131 403 4195 quam
426 4112 579 4178 doctrina
600 4112 811 4197 superiorum
839 4106 1049 4176 saeculorum
1061 4154 1073 4188 ,
1106 4119 1141 4175 et
1191 4118 1282 4188 sunt,
1303 4107 1367 4173 sed
1387 4107 1564 4192 importata
1585 4121 1639 4174 est
1659 4111 1758 4177 etiam
1788 4114 1969 4182 barbarias.
2015 4114 2176 4202 Augusti·

151 4192 247 4263 mutu
279 4197 388 4262 sancti
419 4195 574 4263 homines
606 4195 776 4278 latentur,
809 4194 913 4263 multa
945 4216 1036 4261 nune
1062 4214 1140 4260 esse
1191 4215 1257 4271 nus
1287 4191 1423 4280 aliquod
1457 4193 1576 4260 diebus
1614 4207 1695 4262 ante
1730 4211 1871 4266 mortem
1910 4221 2098 4268 conversus
2131 4201 2176 4267 ad

51 4334 63 4358 ι
152 4278 278 4349 elarius
300 4283 546 4370 tradita,quam
567 4296 647 4351 ante
667 4281 936 4351 multasaecula:
954 4294 987 4348 et
1005 4282 1035 4347 si
1056 4301 1140 4347 nun·
1162 4261 1168 4337 l
1190 4281 1363 4367 parietem,
1386 4281 1512 4346 duriter
1529 4299 1645 4348 secum
1666 4277 1813 4352 luctatus
1836 4298 1947 4366 esest
1968 4288 2088 4354 deinde
2107 4283 2176 4353 lar·

175 4388 254 4436 uam
277 4368 397 4435 desum
418 4367 511 4439 multi
536 4373 750 4451 turbatores,
775 4381 814 4438 ut
831 4382 884 4436 est
905 4368 1137 4454 proverbium:
1191 4368 1279 4455 giter
1310 4367 1342 4432 ei
1374 4364 1543 4433 fluxerunt
1573 4365 1780 4457 lachrymae.
1844 4371 1918 4460 Ego
1952 4376 2056 4440 orado
2090 4374 2176 4441 duas

217 4454 337 4522 'Deua
356 4475 452 4522 umam
475 4458 625 4542 ternplum
647 4458 813 4546 uedr’ficet,
833 4458 881 4524 ιιι·
900 4456 1052 4523 aarum
1073 4455 1140 4520 duo
1191 4473 1334 4522 caussas
1355 4449 1480 4530 fuisse3
1500 4450 1558 4520 ille
1579 4476 1680 4523 unam
1698 4457 1791 4538 dixit,
1813 4460 1904 4545 quod
1926 4458 2041 4527 doleat
2057 4479 2177 4527 senon

152 4544 277 4609 sacello
294 4544 400 4626 pouit.
443 4541 487 4611 Et
507 4544 643 4630 quidam
663 4541 1004 4631 interrogatus,unde
1023 4550 1140 4608 essent
1191 4540 1304 4627 egisse
1325 4540 1484 4606 umiorem
1506 4541 1742 4624 poenitentiam
1752 4589 1765 4622 ,
1798 4545 1841 4610 dc
1868 4546 2020 4630 peccatis
2041 4547 2114 4613 suis
2140 4548 2177 4615 in
2254 4603 2269 4610 -

151 4625 334 4709 Monacbi,
368 4631 467 4697 dixit:
519 4630 661 4703 Quando
695 4630 790 4697 Deus
823 4642 955 4696 raserat
987 4628 1139 4693 ordinem
1190 4637 1261 4693 tota
1283 4625 1352 4692 vita
1374 4646 1446 4691 sua.
1478 4624 1593 4694 Potuit
1613 4640 1683 4695 tum
1705 4631 1739 4694 iu
1760 4626 1821 4697 illa
1841 4642 1981 4697 senecta
2001 4642 2037 4698 et
2056 4635 2176 4700 morbo

150 4716 378 4796 sacerdotum,
401 4714 568 4783 Diabolus
589 4715 696 4784 voluit
715 4717 847 4795 imitari,
870 4726 905 4782 et
935 4713 1016 4784 feeit
1040 4714 1139 4780 nimis
1190 4714 1299 4799 magis
1322 4711 1473 4799 cogitare
1495 4712 1538 4779 de
1565 4716 1715 4800 peccatis
1738 4717 1820 4784 suis.
1864 4715 2016 4785 Iuniores
2037 4738 2106 4785 non
2128 4720 2176 4787 ita

46 4894 53 4900 ·
150 4798 1140 4961 ttuttnttt‘ttmt‘ttdritbntt¹¹,lietb
1190 4801 1622 4953 ttett‘tbtfflttttt
1646 4803 1829 4954 ‘Zmil‘
1845 4815 2011 4956 sibim
2028 4807 2175 4987 ,iffi

150 4969 250 5042 bolus
273 4995 408 5063 quoque
429 4996 494 5043 sua
515 4997 645 5064 organa
666 4976 802 5044 excitat.
831 4935 996 5042 Puuims
1018 4975 1139 5061 inquit:
1190 4970 1334 5127 ploravit
1354 4967 1509 5056 publicas
1530 4969 1750 5056 calamitates,
1762 4995 1838 5042 cum
1855 4976 1936 5043 vidit
1957 4911 2076 5065 legari
2098 4979 2173 5045 bar·

150 5061 251 5131 Iutta
270 5080 367 5127 murm
387 5062 512 5149 bonum
531 5072 608 5131 eunt
628 5065 695 5131 ιιιιο
714 5064 823 5133 mata.-
842 5061 911 5139 Sed
932 5061 1010 5131 amu
1028 5079 1139 5128 exem·
1214 5078 1292 5126 aras
1314 5062 1681 5148 gentes,etpropegart
1696 5081 1831 5129 errores
1846 5073 2036 5149 portatum
2056 5065 2172 5133 orben
