4620 5588
86 160 93 169 “
164 182 233 255 ιιι
815 184 930 253 ciiii.
952 184 1059 253 usn
1082 183 1271 253 scarum
1293 182 1559 255 amorium.
1666 237 1669 241 .
2116 188 2187 257 aa

167 374 273 440 Ortus
288 398 308 439 a
331 379 420 441 lieno
441 377 603 461 principio
636 394 705 439 non
737 393 841 459 posse
873 373 952 441 labi.
995 370 1151 438 Ecclesia
1201 393 1362 460 egressus
1396 395 1517 439 annum
1552 373 1606 439 76.
1658 374 1830 461 Pelagiani
1863 375 1962 442 etiam
1994 380 2185 445 erudierant

87 496 92 501 ·
166 463 244 527 dicit
267 485 332 527 non
356 484 434 527 esse
456 464 683 546 acceptionem
697 481 916 545 personarum
933 481 1044 527 coram
1057 461 1156 525 Deo:
1201 482 1274 524 eum
1299 462 1330 524 in
1354 462 1505 526 doctrina
1529 463 1571 526 de
1586 476 1725 546 peccato
1738 464 1915 550 (iriginaii,
1931 466 2207 550 seripserunt....,

165 550 242 614 item
267 570 383 614 nutries
408 549 558 614 lromibes
580 549 675 611 nasci
698 550 730 610 in
754 561 913 633 peccato,
937 562 968 612 et
992 549 1083 633 quod
1106 549 1148 611 ad
1200 567 1298 632 quam
1333 551 1507 634 quisquam
1541 545 1644 626 alins,
1673 560 1709 614 ut
1735 563 1855 616 nostro
1882 563 2034 638 tempore
2062 554 2183 619 videtis

164 637 337 700 materiam
361 637 487 714 attinet,
511 653 627 699 omnes
656 652 733 698 esse
766 631 915 712 similes,
948 631 1015 698 labi
1050 635 1151 721 igitur
1199 634 1286 698 idem
1308 633 1391 699 fieri.

165 741 281 785 omnes
303 735 468 806 possunt,
501 720 649 787 converti
682 720 780 784 etlam
809 741 927 785 omnes
948 718 1021 786 vult
1042 719 1146 785 Deus.

163 806 240 872 ch
263 821 314 871 est
338 810 399 872 iarn
424 829 508 893 opus
543 807 672 872 misceri
707 807 947 890 disputationes
981 807 1023 871 tle
1050 826 1149 890 prae-

165 893 409 972 destinatione,
438 896 624 959 reiiciarnus
654 906 850 958 constanter
876 891 1149 957 Manichaeorum
1794 966 1797 972 Ι

164 976 297 1045 furores
319 983 373 1065 qui
398 983 569 1054 dicebant3
591 976 729 1042 aliorum
751 980 922 1043 materiam
934 998 1012 1042 esse
1032 977 1147 1058 talem,
1444 967 1525 1070 Qui
1554 965 1720 1052 fuerunt
1750 969 1937 1052 Anioni?

164 1076 201 1132 at
222 1087 288 1130 non
312 1069 442 1150 possint
464 1067 631 1142 converti,
654 1077 689 1129 ut
710 1063 854 1130 Neronis
876 1066 1046 1130 materiam
1069 1084 1149 1129 esse

162 1148 272 1233 talem,
295 1165 330 1218 ut
353 1168 531 1240 cogeretur
553 1172 631 1216 esse
653 1149 747 1216 talis:
764 1153 842 1216 item
860 1151 1031 1216 Aristidis.
1076 1150 1148 1215 Vos
1285 1147 1450 1215 Dixerunt
1467 1150 1635 1216 Christum
1657 1173 1725 1217 non
1748 1171 1827 1218 esse
1845 1164 1964 1220 natura
1985 1153 2094 1221 Deum
2115 1175 2184 1220 nou

164 1241 388 1318 considerate,
410 1239 577 1326 quomodo
599 1234 751 1302 Ecclesia
775 1230 936 1322 loquatur
953 1240 996 1303 de
1019 1237 1071 1300 his
1093 1258 1146 1302 re·
1200 1255 1279 1303 esse
1301 1236 1458 1317 o‘pooiowr
1479 1235 1566 1317 Deo,
1590 1259 1669 1304 esse
1691 1253 1889 1306 creaturam.

164 1325 239 1402 bns,
263 1325 439 1404 videlicet,
473 1326 562 1411 quod
595 1323 746 1389 homines
779 1326 911 1408 possint
943 1334 1095 1402 convert,
1127 1344 1149 1388 a

162 1407 263 1488 Deo,
296 1424 329 1477 et
362 1412 452 1498 quod
482 1431 625 1478 necesse
647 1411 691 1475 sit
713 1431 810 1475 ruere
831 1412 865 1475 in
888 1423 1040 1494 peccata,
1062 1410 1149 1476 sicut

162 1494 210 1562 ilii
235 1499 346 1563 dieunt
380 1519 458 1564 esse
491 1498 661 1564 materiam
684 1494 808 1575 talem,
840 1517 927 1581 quae
961 1499 1005 1561 sit
1033 1499 1149 1568 incon·
1470 1571 1480 1588 ο
1849 1572 1858 1591 ⁰

162 1582 335 1649 vertibilis.
1401 1568 1482 1672 Qui
1512 1568 1678 1655 suerunt
1708 1572 1982 1660 Donatistae?

248 1669 302 1735 De
326 1668 458 1736 Christo
480 1669 584 1735 babor
600 1676 648 1735 sic
667 1667 801 1755 unsletip
822 1668 900 1753 diup
919 1675 1051 1754 gesaqu-
1077 1664 1147 1733 l'ne·

161 1767 239 1821 runt
256 1755 315 1822 iila
338 1768 463 1821 tantum
486 1759 648 1843 ambages
681 1769 714 1820 et
747 1757 971 1821 obscuritates
1002 1768 1035 1819 et
1057 1756 1147 1819 aetii·
1284 1756 1355 1820 Das
1385 1755 1430 1820 ist
1458 1775 1526 1839 par
1557 1757 1609 1820 ein
1640 1756 1716 1821 loss
1733 1755 1926 1842 peseiecm
1944 1776 2103 1843 genam.-
2133 1761 2185 1826 lat

163 1854 343 1928 grammat
367 1839 539 1908 eluderent
562 1844 766 1907 divinitatem
788 1839 873 1907 Filii.
927 1838 1015 1906 Nolo
1048 1844 1146 1905 etiarn
1198 1842 1251 1906 ein
1294 1859 1431 1925 grassor
1481 1853 1592 1906 motus
1643 1845 1749 1908 draus
1794 1845 1935 1909 cordate
2000 1848 2185 1911 Senserunt

155 1929 407 2009 recitaremus
428 1932 476 1995 sie
498 1933 539 1995 de
562 1949 705 2014 corpore
727 1927 939 2014 phantastico
962 1926 1066 1994 taba
1090 1948 1146 2012 pe«
1198 1937 1355 2012 oportere
1377 1929 1409 1992 in
1432 1925 1586 1994 Ecclesia
1618 1941 1746 1996 tantum
1779 1950 1857 1996 esse
1879 1943 2036 2010 sanctos,
2058 1943 2091 1996 et
2112 1952 2183 1999 nou

162 2014 281 2081 macti.
325 2015 520 2080 Habuerunt
537 2027 648 2081 autem
670 2013 815 2080 fanatica
838 2034 970 2100 quoque
993 2016 1146 2098 depecn·
1197 2012 1312 2078 valere
1324 2013 1555 2094 Sacramenta,
1576 2016 1641 2080 nisi
1663 2037 1684 2082 a
1706 2018 1835 2082 sanetis
1857 2017 2094 2097 administrata,
2113 2015 2182 2084 fue

160 2096 301 2165 liaribus
333 2099 639 2169 illuminationibus.
703 2100 847 2175 Quando
880 2097 1035 2166 diabolus
1075 2098 1146 2166 vult
1196 2113 1273 2165 runt
1296 2101 1456 2166 seditiosi.
1505 2101 1549 2165 Et
1582 2115 1693 2168 tamen
1727 2105 1881 2168 dixerunt
1913 2117 2070 2190 oportere
2103 2125 2183 2170 esse

160 2189 335 2252 instituere
356 2190 522 2275 insignem
544 2189 795 2273 exceptionem,
829 2185 963 2253 simulat
985 2185 1146 2252 illumina·
1196 2199 1337 2252 sanctos
1358 2188 1392 2251 in
1414 2184 1578 2252 Ecclesia.
1624 2189 1833 2276 Augustinus
1855 2200 1907 2254 est
1929 2191 2052 2256 acriter
2074 2192 2102 2256 ei
2126 2191 2182 2255 ad·

159 2275 280 2339 tiones.
326 2274 509 2340 Ambulant
530 2278 563 2340 in
586 2273 661 2352 bis,
690 2294 776 2362 quae
808 2294 875 2338 non
898 2275 1074 2353 viderunt,
1095 2275 1145 2337 in·
1196 2285 1370 2367 versata·
1384 2270 1531 2339 defendit
1552 2271 1640 2339 hane
1661 2278 1877 2353 sententiam,
1906 2278 2041 2342 esseio
2064 2274 2182 2343 Eccle-

159 2361 231 2445 quit
254 2359 399 2438 Paulus,
433 2363 501 2427 und
532 2365 577 2427 ist
598 2362 681 2426 decit
702 2360 808 2426 niobes
830 2361 1011 2437 debendam
1032 2359 1144 2447 prohi-
1196 2360 1247 2424 sia
1271 2361 1379 2425 bonos
1402 2358 1584 2440 etmalos,
1614 2363 1754 2442 mixtos,
1772 2373 1807 2427 et
1828 2363 2043 2428 ministerium
2066 2362 2183 2429 valera

158 2446 302 2511 buerunt
324 2467 466 2527 earnes,
495 2446 737 2533 prohibuerunt
769 2449 922 2533 coniugia
933 2493 945 2527 ,
977 2447 1144 2514 linxerunt
1181 2446 1307 2523 ,etiam
1329 2468 1405 2512 eum
1427 2448 1568 2513 ministri
1589 2468 1657 2513 non
1677 2460 1758 2514 sunt
1779 2451 1870 2515 boni.

158 2530 416 2600 llluminationes
446 2533 654 2621 singulares,
675 2546 793 2620 raptui
816 2547 850 2600 et
866 2533 1038 2609 ἐκστάσειςι
1062 2530 1144 2598 talia
1281 2531 1382 2600 Rexit
1408 2533 1616 2621 Augustinus
1645 2532 1836 2620 Episcopus
1864 2533 2106 2621 Episcopatum
2137 2536 2183 2602 40

155 2620 215 2770 gpi
236 2620 382 2706 lingunt,
406 2623 581 2687 discedunt
612 2643 633 2687 a
666 2623 770 2687 verbo
792 2620 880 2701 Dei,
913 2633 947 2685 et
977 2640 1142 2686 venenum
1195 2638 1317 2685 annos.
1362 2617 1423 2684 tir
1443 2620 1544 2685 loudt
1561 2622 1762 2706 podendum,
1783 2641 1852 2687 roua
1872 2623 1938 2686 u‘el
1956 2623 2050 2688 euno
2067 2626 2182 2709 er‘pe-

194 2708 430 2773 aniebaeorum
448 2706 517 2774 late
538 2720 694 2796 vagatum
717 2719 782 2773 cst.
826 2707 923 2773 Sicut
944 2705 1069 2774 Paulus
1093 2708 1141 2772 in·
1193 2706 1289 2772 setes
1309 2706 1386 2773 hac·
1417 2705 1567 2773 Tandem
1589 2720 1640 2773 est
1662 2720 1813 2774 mortuus
1835 2709 1868 2774 in
1890 2709 2065 2774 obsidione
2086 2713 2185 2777 urbis

155 2795 242 2879 quit:
275 2793 393 2860 Sermo
415 2793 549 2861 iliorum
573 2795 641 2861 late
666 2806 809 2882 vagatur
829 2796 917 2859 sicut
934 2813 1141 2881 gangraena,
1191 2814 1287 2859 suae.
1330 2791 1415 2858 'l'um
1433 2792 1657 2879 Hipponensis
1678 2796 1869 2881 Episcopus
1892 2794 2096 2862 Genserieus
2119 2794 2185 2864 luit

156 2890 191 2944 et
212 2882 336 2946 urredit
358 2885 523 2960 membra,
551 2882 620 2948 sind
646 2882 705 2947 bat
726 2882 864 2947 dammi>
884 2885 957 2946 uait
977 2883 1051 2948 cml>
1070 2878 1142 2947 siclt
1217 2877 1311 2946 uisos
1333 2879 1518 2965 Hispania,
1551 2883 1628 2967 quia
1661 2893 1741 2948 tunc
1773 2884 1984 2968 vagabantur
2011 2881 2112 2951 Gothi
2145 2893 2184 2950 et

152 2963 340 3051 patrassent
363 2970 440 3053 quia
456 2967 572 3034 habuit
593 2965 725 3035 furores
745 2968 893 3049 Stoicos,
915 2969 971 3054 qui
992 2966 1062 3034 late
1083 2987 1140 3034 ra·
1193 2903 1352 3034 Mandali:
1385 2968 1470 3031 deam
1501 2969 1553 3034 aie
1584 2969 1660 3033 siud
1692 2969 1791 3035 vicini
1821 2987 1975 3054 genesen.
2019 2968 2092 3035 Neo
2119 2968 2182 3036 init

155 3065 288 3140 gantur.
318 3053 449 3120 Deinde
470 3057 659 3120 iactitarunt
680 3051 936 3121 illuminationes
958 3051 1140 3131 fanaticam
1193 3055 1371 3120 discrimen
1410 3054 1497 3119 inter
1531 3053 1679 3119 Henetos
1713 3067 1747 3120 et
1783 3053 1966 3122 Vandalus.
2037 3054 2182 3123 Vandali

154 3136 243 3206 tales
265 3140 401 3225 spiritus
411 3140 547 3207 fanatici
559 3140 671 3209 soient
691 3138 792 3207 icelle
812 3143 984 3228 imponere
1000 3138 1140 3229 populo.
1193 3152 1291 3206 erant
1311 3141 1456 3227 ingressi
1478 3140 1691 3226 Hispaniam
1722 3142 1809 3206 sicut
1841 3143 1952 3209 adhuc
1983 3143 2030 3207 ibi
2052 3154 2105 3207 est
2127 3163 2181 3209 re·

243 3227 455 3314 Augustinus
489 3249 677 3294 conversus
709 3241 830 3315 postea
863 3225 1046 3295 confutavit
1078 3248 1140 3295 eos
1194 3248 1313 3314 ganum
1336 3229 1427 3313 quod
1448 3237 1592 3293 vocatur
1620 3227 1833 3294 vamtatem.
1878 3227 1922 3294 Et
1943 3230 2046 3294 eredo
2068 3231 2181 3296 adhue

153 3312 295 3380 aeriter:
328 3335 393 3381 nec
425 3334 494 3379 non
517 3316 671 3381 videntur
692 3326 770 3400 post
791 3314 1015 3400 Augustinum
1047 3312 1141 3382 multi
1193 3315 1238 3381 ibi
1250 3315 1389 3378 inveniri
1401 3311 1547 3400 linguam
1560 3313 1731 3381 Henetam.
1764 3312 2033 3380 lbiGeuserieus
2050 3317 2181 3397 (oredo,

152 3396 261 3466 fuisse
281 3397 399 3489 reliqui
411 3400 612 3468 Manichaei.
657 3401 854 3468 Auctoritas
865 3403 1045 3489 Augustini
1059 3398 1141 3468 mul·
1193 3402 1283 3489 quod
1304 3420 1425 3467 nomen
1444 3400 1612 3488 significat
1632 3398 2054 3488 gamztetQuniversalis
2075 3403 2180 3469 domi·

152 3497 223 3554 tum
257 3484 377 3553 valuit:
406 3489 485 3573 quia
517 3510 584 3555 non
618 3488 729 3555 solum
763 3491 905 3554 certavit
934 3509 1010 3555 cum
1035 3487 1141 3556 blani-
1192 3507 1258 3554 nus
1270 3532 1282 3566 ,
1315 3488 1371 3573 qui
1405 3485 1475 3554 vult
1508 3486 1634 3553 habere
1667 3499 1773 3554 totum
1805 3495 1961 3574 regnum)
1992 3491 2123 3555 traiecit
2144 3491 2183 3556 iu

154 3571 281 3653 e'haeis,
304 3575 481 3641 sedetiam
504 3597 579 3641 cum
601 3576 766 3655 Arrianis,
787 3597 863 3641 cum
879 3572 1085 3663 l’elagianls,
1107 3586 1142 3641 et
1192 3572 1425 3641 Mauritaniam
1447 3595 1489 3640 ex
1500 3570 1722 3661 Africa3quia
1733 3575 1816 3640 vidit
1837 3592 1877 3640 se
1898 3572 2025 3641 habere
2044 3574 2184 3643 hostem

154 3679 229 3725 eum
242 3659 442 3728 Donatistis.
484 3660 673 3728 Manichaei
694 3665 751 3747 qui
772 3660 904 3741 fuerint,
926 3665 1049 3729 dictum
1071 3674 1141 3740 est3
1193 3671 1333 3746 atergo
1351 3660 1534 3728 Romanos.
1581 3661 1769 3747 Occupevit
1789 3659 2038 3728 Mauritaniamr
2061 3675 2095 3728 ει
2116 3662 2182 3728 lm·

152 3746 310 3813 videlicet
332 3745 379 3812 iili
402 3747 506 3814 Stoici
518 3794 529 3828 ,
563 3751 619 3835 qui
652 3760 838 3834 posuerunt
870 3750 936 3815 dno
963 3749 1141 3837 principia;
1193 3757 1329 3834 perator
1350 3747 1548 3814 Valentinus
1570 3749 1741 3813 concessit
1767 3751 1797 3814 ei
1818 3746 2064 3815 Mauritaniam:
2091 3750 2183 3816 sieut

152 3843 338 3919 posuerunt
358 3837 592 3900 necessitatem
614 3836 712 3915 mali,
733 3834 901 3900 finxerunt
917 3847 1054 3921 propter
1075 3856 1140 3902 ma·
1193 3854 1269 3900 cuni
1292 3833 1433 3903 nauca
1456 3835 1552 3900 etiam
1575 3834 1655 3900 lecit
1677 3855 1813 3919 pacem,
1836 3846 1871 3899 ut
1892 3837 2074 3900 retinerent
2097 3833 2180 3900 Gai·

152 3922 282 4000 teriam,
301 3922 659 4003 inconvertibilitatem,
679 3923 945 3990 incertitudinem
967 3923 1139 4003 inlinitum,
1191 3918 1281 3988 liam.
1326 3918 1386 3986 llle
1407 3921 1613 3986 Gensericus
1634 3921 1755 3986 invasit
1776 3920 2024 4008 Carthaginem,
2047 3923 2181 3988 obsedit

152 4007 362 4074 iactavernnt
381 4007 654 4076 illuminationes.
1192 4010 1292 4075 etlam
1314 4006 1519 4093 Hipponem,
1546 4021 1579 4072 at
1608 4009 1740 4072 obsedit
1766 4009 1937 4074 mensibus
1967 4008 2019 4072 14.
2062 4009 2180 4095 Augu·

883 4100 906 4145 θ
1192 4095 1301 4160 stinus
1323 4105 1474 4180 ternpore
1497 4094 1681 4160 obsidionis
1703 4106 1856 4161 mortuus
1873 4105 1944 4170 est3
1972 4106 2006 4158 ει
2026 4107 2179 4161 mortuus
2290 4151 2294 4155 ,

1192 4194 1245 4248 est
1266 4181 1420 4246 scribens
1443 4178 1535 4245 iham
1558 4177 1678 4246 libram
1702 4180 1821 4246 contra
1840 4178 2055 4266 Pelagianos.
2100 4180 2179 4248 Das

1192 4268 1268 4335 aad
1288 4278 1458 4352 utcunque
1481 4267 1524 4332 de
1545 4267 1651 4352 ipsius
1673 4265 1824 4346 historia,
1840 4286 1928 4352 quae
1948 4261 2082 4331 suerunt
2104 4286 2178 4331 cer·

368 4339 450 4446 Qui
480 4339 647 4427 suerunt
676 4341 918 4456 Pelagianii
1192 4355 1338 4431 omina,
1373 4354 1452 4439 quid
1485 4355 1654 4418 senserint
1685 4353 1869 4419 adversarii
1902 4351 1986 4431 eius,
2009 4353 2177 4420 adversus

260 4454 263 4467 ¹
536 4498 545 4515 ,
1215 4459 1280 4507 uos
1313 4438 1431 4506 extant
1462 4437 1698 4505 confessiones
1732 4440 1815 4505 eius.
1858 4439 2069 4524 Augustinus
2103 4441 2178 4508 sine

258 4526 408 4592 Fuerunt
440 4523 634 4612 simpliciter
665 4524 863 4607 Pharisaei,
896 4526 953 4613 qui
986 4527 1140 4592 dixerunt
1192 4463 1294 4593 Hubio
1317 4523 1395 4612 pius
1418 4528 1567 4593 continet
1589 4528 1689 4597 boni,
1721 4546 1822 4612 qaam
1848 4523 1942 4591 multi
1967 4522 2036 4589 alii.
2080 4525 2177 4594 Bene

150 4611 303 4679 homines
325 4633 404 4679 esse
425 4614 533 4679 iustos
562 4613 749 4701 disciplina,
769 4624 803 4678 et
824 4614 943 4679 mereri
971 4614 1139 4679 remissio·
1191 4624 1314 4680 tractat
1335 4613 1520 4679 doctrinam
1542 4614 1708 4700 integram
1736 4612 1779 4677 da
1800 4609 1980 4689 Trinitate,
2014 4613 2100 4678 bene
2133 4615 2178 4680 da

149 4718 225 4765 nem
247 4711 463 4786 peccatorum
486 4722 600 4767 coram
611 4700 704 4777 De03
727 4696 934 4766 sustulerunt
955 4700 1138 4766 doctrinam
1191 4712 1333 4787 peccato
1356 4700 1516 4787 originis,
1553 4702 1659 4777 bena,
1693 4695 1748 4765 vel
1779 4694 1899 4762 saltem
1927 4693 2044 4764 melius
2098 4721 2177 4768 uam

52 4846 58 4855 ι
150 4786 192 4853 ι1ε
225 4790 363 4873 gracia,
398 4789 440 4853 de
473 4787 562 4869 lide,
595 4790 638 4853 de
669 4785 825 4852 esiicaeia
847 4785 909 4851 Dei
932 4788 966 4850 in
988 4785 1138 4864 homine3
1192 4788 1314 4854 caeteri
1337 4787 1521 4853 doctrinam
1538 4786 1581 4851 de
1601 4785 1709 4872 gratia
1727 4795 1762 4849 ει
1782 4783 1917 4864 iide,de
1938 4721 2180 4855 iustitiahdel.

149 4871 358 4938 sustulerunt
391 4887 568 4958 peccatum
601 4875 761 4960 originis,
797 4873 952 4939 dixerunt
985 4871 1137 4939 homines
1189 4872 1326 4938 Etiamsi
1350 4874 1514 4938 interdum
1537 4873 1644 4938 minus
1666 4871 1840 4936 commode
1867 4867 2033 4956 loquitur,
2061 4880 2175 4940 tmen

149 4957 346 5024 satisfacere
367 4957 458 5047 legi,
484 4972 517 5026 et
549 4961 637 5027 hanc
659 4955 869 5045 disciplinam
892 4975 971 5023 esse
1003 4957 1137 5026 satisla·
1189 4956 1256 5023 hoc
1277 4957 1361 5039 vuit,
1383 4960 1472 5046 quod
1494 4959 1588 5023 dicit:
1634 4956 1749 5023 Τοιίιιι
1772 4955 1914 5043 fiduciae
1940 4959 2105 5024 certitudo
2125 4966 2175 5024 est

149 5045 294 5111 ctionem
316 5044 407 5111 illam
429 5045 527 5135 legis.
571 5048 783 5135 Augustinus
805 5057 958 5110 mortuus
980 5058 1034 5111 est
1054 5066 1137 5112 non·
1188 5046 1511 5131 succisamque
1533 5042 1667 5111 Citr‘atr’.
1710 5041 1760 5108 lbi
1787 5043 1889 5110 docet
1913 5058 1980 5109 noa
2002 5044 2175 5110 confidere

150 5131 229 5199 ilum
251 5130 419 5218 completo
441 5131 529 5200 libro
551 5146 671 5202 eontra
681 5130 852 5212 talianum,
874 5151 950 5198 oum
966 5134 1033 5198 iam
1044 5146 1137 5200 esset
1188 5134 1309 5198 merito
1335 5130 1472 5198 Domini
1503 5132 1611 5200 nostri
1643 5129 1720 5196 laen
1741 5125 1891 5209 casui,
1923 5149 1993 5197 uon
2022 5131 2175 5199 uorans
