4620 5588
178 216 242 287 aar
551 249 553 253 ν
868 219 1091 296 rostrum
1106 219 1511 290 mununnuonnna
1756 244 1760 251 ·
1911 174 1914 187 ’
2136 218 2203 289 aar

87 479 90 489 Δ
180 407 288 477 culum
322 414 553 479 conversionis
581 409 721 478 latronis
749 412 781 475 in
809 430 929 490 cruce,
962 405 1161 475 miraculum
1301 407 1522 493 Respondent
1550 429 1640 496 nego
1672 405 1839 475 Minorem
1867 410 1928 475 sim
1952 407 2071 477 liciter.
2119 409 2203 480 Pro·

177 497 395 564 restitutionis
418 499 513 565 Adae
579 511 612 563 st
632 495 763 582 lapsum
770 543 781 577 ,
811 493 1007 563 miraculum
1029 497 1161 561 restitu-
1213 495 1330 560 missio
1354 497 1482 583 gratiae
1503 507 1643 561 nonest
1664 492 1783 580 privile
1809 496 1885 562 'um.
1945 498 2103 566 romissio

178 582 278 650 tionis
300 582 415 649 Aaron
436 596 515 670 post
549 605 680 669 apsum,
701 585 777 649 item
799 580 994 650 miraculum
1018 602 1162 650 conver·
1214 581 1281 648 tiae
1303 596 1357 648 est
1379 602 1497 649 revera
1518 579 1732 649 universalis.
1824 584 1900 648 oba.
1951 579 2063 650 Venite
2152 604 2204 654 na

178 670 285 735 sionis
308 668 413 736 Pauli.
455 671 549 738 ilaec
571 671 680 736 omnia
701 681 780 735 suut
807 670 997 736 testimonia
1018 666 1161 755 promis·
1215 687 1334 748 onmes,
1355 671 1414 753 qui
1432 668 1601 736 laboretis
1648 669 1745 734 item:
1789 668 1893 734 Dices
1917 668 2008 735 Deus
2028 678 2064 737 tn
2085 691 2201 756 omnes,

177 756 283 821 sionis
300 758 436 842 patine.
482 758 605 823 Postea
627 753 841 822 liberationes
862 753 1059 842 corporales
1083 764 1161 819 sunt
1214 757 1273 839 qui
1290 756 1443 822 ιἰιυοοιιιιι
1464 757 1562 820 illurn.
1608 751 1670 819 Est
1699 757 1890 821 mandatum
1919 755 2135 837 universale,
2163 770 2202 828 ut

176 843 367 908 testimonia
386 845 646 930 promissionum
668 840 910 928 corporalium,
938 861 1028 929 qnae
1050 852 1161 906 temen
1213 842 1387 908 audiamus
1405 843 1671 928 promissionem,
1688 854 1722 907 et
1751 840 1817 906 hac
1839 840 1959 907 conlisi
1987 843 2202 927 accedamus,

177 927 274 994 simul
295 932 479 1016 respiciunt
505 927 596 995 iilam
624 929 762 1012 primam
784 929 1041 1014 promissionem
1065 928 1160 1013 spiri-
1185 967 1189 999 1
1212 939 1364 1013 petamus
1397 929 1626 994 remissionem
1657 938 1885 1011 peccatorum.
1950 927 1993 994 Et
2027 931 2202 998 audientes

176 1012 316 1082 tnalern:
346 1018 570 1102 quiescimus
598 1016 682 1082 istas
708 1034 826 1081 omnes
854 1035 932 1080 esse
960 1015 1101 1080 comites
1128 1025 1161 1078 et
1185 1018 1190 1137 p
1213 1014 1467 1098 promissionem
1498 1014 1720 1080 eudinvantur
1747 1033 1769 1078 a
1802 1013 1927 1100 Spiritu
1949 1016 2097 1094 Sancto,
2130 1037 2201 1085 non

177 1098 319 1168 ancillas
340 1105 571 1187 promissionis
591 1105 729 1190 gratiae.
1215 1111 1491 1180 contemnentes,
1523 1121 1590 1166 non
1617 1112 1867 1187 repugnantes,
1889 1121 1958 1167 non
1979 1106 2127 1188 superbe
2148 1123 2200 1171 re·

265 1187 331 1255 lem
349 1190 467 1256 sumite
487 1186 647 1256 miracula
668 1187 812 1253 omnium
834 1184 1065 1252 liberationum
1087 1206 1161 1252 cor·
1213 1184 1390 1271 pellentes.
1435 1183 1472 1253 Si
1494 1208 1560 1252 non
1584 1200 1675 1252 esset
1696 1183 1896 1252 universalis
1923 1189 2103 1275 promissio
2125 1209 2200 1277 gra

175 1271 350 1362 puralium.
393 1276 462 1342 Sed
490 1276 639 1362 inprimis
671 1271 771 1353 illud,
801 1274 844 1339 dc
871 1291 937 1361 quo
959 1272 1026 1338 dixi
1048 1282 1159 1339 antea·
1213 1274 1379 1352 tice,'non
1402 1285 1493 1340 esset
1521 1273 1695 1339 certitudo.
1741 1272 1963 1340 loramentum
1990 1286 2043 1340 est
2067 1275 2200 1344 unicas

176 1360 272 1448 Agar
291 1374 504 1446 peccaverat,
523 1363 574 1427 'sic
595 1361 685 1426 butte
705 1360 866 1438 carecti,
874 1360 1013 1425 mittitur
1036 1360 1069 1424 in
1091 1359 1160 1424 exi·
1213 1354 1300 1424 sale:
1331 1357 1410 1425 Vico
1432 1380 1508 1446 epo,
1531 1361 1613 1428 dicr‘t
1633 1358 1804 1437 Dorcinus,
1832 1363 1908 1425 nelo
1929 1370 2060 1428 mortem
2077 1361 2197 1446 pecca·

58 1462 61 1467 ·
175 1441 268 1527 burn,
290 1449 433 1514 sustinet
454 1468 608 1536 magnam
631 1459 664 1512 et
690 1448 819 1512 tristem
849 1464 1015 1532 poenam,
1045 1459 1158 1511 tamen
1183 1479 1188 1547 Ι
1213 1447 1307 1519 toris,
1330 1447 1389 1512 sed
1410 1457 1448 1513 ut
1467 1453 1691 1530 conomtctur,
1712 1453 1745 1510 et
1764 1448 1864 1513 oinct.

175 1544 334 1614 nosmet,
361 1546 394 1600 at
424 1537 602 1601 invocabat
630 1554 746 1600 verum
774 1531 901 1611 Deum,
927 1533 1066 1598 tenebat
1104 1550 1187 1618 vop
1299 1531 1370 1598 Nec
1392 1546 1470 1598 sunt
1491 1534 1525 1599 in
1542 1531 1618 1599 Deo
1641 1532 1818 1616 ponendae
1840 1534 2119 1601 contradictoriae
2139 1556 2200 1604 vo·

175 1639 247 1685 ram
269 1619 453 1686 doctrinam
474 1619 617 1698 deDeo,
639 1620 681 1686 de
703 1619 936 1703 promissione,
953 1619 996 1685 da
1018 1626 1159 1684 ventura
1211 1614 1382 1698 luntates,
1414 1619 1504 1688 siout
1535 1615 1593 1685 ille
1617 1617 1785 1697 iaciebat,
1820 1620 1876 1706 qui
1899 1621 2034 1723 petebat
2055 1641 2078 1686 a
2098 1621 2198 1689 nobb

175 1705 418 1784 victimatione,
440 1708 482 1772 de
505 1708 703 1772 remissione
724 1717 955 1792 peccatomm,
985 1714 1159 1790 quantum·
1211 1701 1505 1783 consolationem,
1525 1726 1600 1771 cum
1624 1716 1718 1770 esset
1739 1706 1773 1770 in
1796 1724 1926 1794 magnis
1949 1707 2197 1777 tentationibus·

175 1809 307 1878 cunque
332 1793 367 1859 in
399 1813 438 1859 ea
462 1790 551 1860 >lncis
578 1788 655 1871 init,
682 1804 792 1858 tamen
821 1787 945 1876 aliquid
974 1791 1092 1869 scivit,
1123 1799 1159 1856 nt
1212 1789 1285 1856 Nos
1307 1793 1526 1859 monebamus
1548 1811 1636 1869 aum,
1654 1803 1690 1857 nt
1723 1788 1957 1857 consolaretur
1989 1811 2029 1857 sc
2060 1795 2199 1879 promis·

42 1940 49 1947 .
175 1873 261 1944 alins
290 1875 388 1963 plus,
418 1876 505 1946 alius
532 1879 640 1944 minus
667 1873 835 1964 intelligit:
865 1877 1036 1943 invocavit
1064 1873 1159 1943 illum
1210 1877 1307 1943 sione
1329 1874 1526 1955 universali,
1549 1888 1584 1943 et
1609 1873 1796 1944 includeret
1824 1898 1863 1943 se
1889 1880 1923 1944 ln
1941 1880 2198 1962 promissionem

172 1960 300 2044 Danm,
340 1965 372 2031 ul
395 1965 533 2032 dederat
554 1963 713 2032 Abrahae
733 1964 987 2049 promissionem
1005 1975 1069 2029 etc.
1092 1963 1157 2029 iam
1210 1960 1444 2030 universalem·
1488 1961 1578 2029 Esse
1600 1964 1789 2030 mandatum
1816 1963 1902 2041 Del,
1930 1979 1966 2031 ut
1996 1983 2113 2033 omnes
2140 1988 2199 2038 au·

173 2061 245 2117 arat
264 2050 300 2115 in
317 1984 439 2117 lotam
460 2052 549 2119 videt
572 2047 673 2117 lilium
698 2047 769 2115 sere
792 2050 996 2114 morientem.
1041 2047 1078 2114 ln
1099 2044 1158 2115 illo
1210 2049 1338 2116 diamns
1361 2050 1632 2135 promissionem,
1660 2061 1694 2114 et
1727 2060 1912 2116 statuamus
1945 2051 2087 2137 gratiam
2119 2073 2199 2123 exu-

171 2153 295 2224 msgno
322 2133 440 2204 dolore
467 2140 601 2204 invocat
633 2136 743 2202 Deum
775 2148 809 2200 et
841 2135 1026 2202 exauditur.
1082 2132 1157 2201 Hoc
1209 2137 1330 2202 berare
1352 2157 1393 2203 sc
1416 2157 1455 2202 ra
1475 2148 1661 2223 peccatum.
1701 2136 1937 2216 llortabamur,
1959 2149 1996 2204 ut
2016 2139 2060 2204 ad
2082 2158 2122 2207 ss

171 2233 225 2289 ast
246 2222 434 2309 exemplum
455 2221 546 2290 iilius
559 2222 791 2307 promissionis
809 2216 1012 2306 corporalis:
1031 2221 1155 2289 Inuoco
1180 2260 1184 2274 ·
1208 2221 1348 2308 plicaret
1371 2220 1394 2288 il
1436 2245 1445 2288 r
1476 2223 1580 2288 sciret
1613 2223 1657 2287 ad
1687 2242 1726 2288 se
1752 2242 1888 2310 quoque
1914 2224 2091 2310 pertinere.

39 2354 43 2358 Α
169 2327 218 2375 asc
238 2316 273 2377 tn
294 2310 348 2375 dic
368 2310 598 2377 mirandum.
636 2308 734 2374 ltem:
756 2307 824 2374 Iste
838 2326 969 2392 perper
990 2308 1154 2375 ciumcoit
1209 2320 1329 2376 contra
1350 2310 1594 2394 respondebam
1616 2310 1680 2375 sibi
1702 2309 1821 2375 mirum
1832 2310 1948 2395 videm,
1970 2310 2106 2379 siDeus
2126 2330 2197 2380 noa

168 2392 267 2462 ltemr
311 2397 463 2464 Acceditc
485 2400 533 2464 ud
555 2416 640 2476 mm,
668 2403 700 2460 ct
725 2395 965 2472 illuminamini,
997 2401 1030 2459 et
1046 2389 1156 2476 socies
1208 2406 1328 2481 posset
1356 2396 1538 2475 damnare,
1562 2415 1661 2481 quem
1694 2391 1814 2473 vellet,
1848 2408 1883 2462 et
1913 2415 2053 2463 servare
2094 2417 2197 2486 quem

168 2489 283 2548 cntra
302 2501 369 2548 non
389 2480 637 2567 cmdumdcotur.
680 2479 775 2550 Sicut
796 2480 891 2546 Deus
913 2480 1078 2566 promisit,
1104 2481 1156 2547 sio
1207 2477 1321 2548 vallet.
1371 2480 1432 2547 llis
1460 2480 1752 2568 imaginationibus
1774 2501 1814 2547 se
1835 2481 1944 2567 ipsum
1965 2478 2203 2569 perturbabat

169 2569 268 2635 etiam
297 2565 376 2635 iacit
402 2572 436 2636 in
462 2568 515 2636 bis
536 2565 723 2651 exemplis,
756 2578 790 2632 et
818 2563 890 2634 vuit
918 2585 981 2632 nos
1010 2567 1051 2632 iis
1073 2586 1154 2634 con·
1206 2565 1283 2633 Non
1315 2567 1359 2633 ad
1392 2586 1552 2633 arcanum
1574 2566 1638 2634 Dei
1668 2565 1863 2648 consillum,
1890 2569 1954 2635 sed
1981 2569 2026 2636 ad
2052 2571 2197 2656 promis·

167 2653 307 2736 firmari,
326 2669 364 2723 ot
384 2675 449 2722 nos
471 2656 572 2723 etiam
592 2653 794 2720 accedamus
822 2665 856 2720 et
879 2663 1046 2738 petamus.
1097 2653 1153 2719 Ad
1207 2652 1336 2720 sionem
1358 2655 1528 2740 respicere
1551 2655 1707 2722 debebat.
1729 2651 1847 2720 Deus
1869 2654 1971 2722 edidit
1993 2653 2060 2724 boo
2082 2658 2197 2726 decre·

156 2737 236 2807 »nce
256 2753 336 2809 sunt
351 2743 477 2829 scripta
497 2738 672 2820 miracula,
694 2738 738 2804 ad
759 2738 826 2806 boc
842 2749 995 2827 prosunt.
1206 2750 1278 2807 tum
1299 2760 1341 2807 ex
1363 2741 1440 2806 sinu
1460 2759 1606 2822 arcano,
1656 2741 1725 2806 uod
1746 2736 1827 2807 velit
1847 2743 2016 2828 recipere,
2036 2742 2197 2814 exaudire

276 2825 346 2894 lam
374 2849 479 2917 pergo
511 2828 555 2894 ad
587 2835 743 2896 caetum
775 2844 932 2892 caussas:
968 2845 1029 2893 cur
1061 2823 1154 2894 iacta
1206 2844 1325 2894 omnes
1343 2824 1576 2916 confugientes
1598 2829 1642 2894 ed
1680 2824 1781 2897 ilium
1824 2826 1905 2895 ideo
1927 2829 2119 2897 mandatnm
2141 2841 2197 2898 ast

164 2913 349 3000 atscnpta
369 2916 437 2982 sint
457 2911 629 2984 miracula·
684 2910 747 2980 Est
773 2912 876 3002 igitur
896 2911 994 2979 tertia
1017 2931 1153 2994 caussa,
1205 2914 1377 2995 omnibus,
1403 2926 1441 2982 ut
1473 2914 1694 2994 accedamus,
1725 2924 1760 2980 ct
1791 2914 1967 2984 audiamus
2022 2916 2196 2986 romlssio·

162 3017 270 3153 apere
291 3003 473 3070 recitentur
492 2997 667 3080 miracula,
687 3011 723 3066 ut
744 2998 811 3066 sint
832 2996 986 3085 exempla
1005 2994 1153 3087 applica·
1204 3017 1292 3066 nem.
1325 2998 1421 3067 llaec
1441 3012 1496 3067 est
1517 3016 1601 3089 ergo
1624 2998 1747 3068 solutio
1768 3002 1964 3088 argumenti.
1997 2938 2042 3070 lt
2062 3001 2197 3089 quidam
2255 3001 2272 3100 ἀ

212 3086 266 3152 nis
309 3089 545 3157 remissionum
565 3088 609 3155 ad
632 3083 796 3174 singulos.
840 3085 903 3154 liic
925 3104 1007 3153 vero
1036 3085 1152 3153 incidit
1204 3087 1249 3152 de
1270 3087 1494 3172 promissione
1557 3087 1646 3154 stiae
1667 3106 1730 3155 seu
1746 3087 1971 3174 promissione
1986 3089 2195 3158 remissionis

162 3189 271 3259 maes
296 3193 334 3239 οι
357 3172 616 3243 iurisconsultus
633 3170 755 3260 aliquis
777 3172 871 3239 dicit:
893 3170 1152 3259 Pmmbmbnon
1204 3182 1434 3261 peccatorum,
1455 3109 1701 3242 niblrdubium
1723 3184 1791 3240 esc
1824 3171 1951 3242 Omnes
1973 3175 2099 3243 debent
2120 3195 2195 3245 crs·

159 3259 327 3344 partirent
347 3263 394 3328 ud
415 3281 539 3330 mmet:
573 3258 679 3327 chu
695 3259 747 3324 οιίι
767 3258 848 3326 bers
868 3262 970 3325 einen
992 3259 1077 3328 icus
1098 3266 1151 3326 aaa
1205 3261 1287 3327 dere
1308 3261 1517 3340 nominatim,
1550 3262 1616 3328 sibi
1644 3260 1767 3328 remitti
1794 3272 1947 3348 peccota.
1992 3261 2119 3330 Postea
2140 3274 2196 3331 est

160 3344 373 3437 privilegium
391 3349 495 3435 picbt,
522 3347 586 3414 das
607 3366 643 3412 es
663 3345 751 3411 nicbt
783 3344 883 3429 dcrff
909 3345 1006 3414 sabos
1036 3345 1149 3432 pedem
1204 3342 1347 3413 alterum
1372 3358 1625 3436 argumentum,
1653 3346 1697 3414 de
1728 3348 2006 3432 promissionibus
2034 3367 2195 3437 corpor*

160 3433 922 3519 mpieitmamtaeiteecrpaneen
952 3430 1054 3500 Stati.
1100 3430 1151 3500 lta
1204 3429 1304 3500 libus.

161 3529 299 3588 uetera
336 3541 491 3609 quoqu03
526 3517 702 3606 privilegia
739 3538 807 3584 non
846 3530 925 3586 sunt
959 3519 1149 3586 eommunia

160 3601 1151 3692 omnium,Esbcistdct·umbprivilegium.undediciturhoc

159 3689 385 3761 vocabulum?
439 3693 471 3758 A
495 3700 644 3778 prinum
672 3699 703 3757 ct
732 3692 804 3756 lest
832 3691 932 3778 quasi
954 3691 1067 3773 dieas,
1092 3689 1149 3758 lex

159 3779 308 3863 proprie,
327 3776 384 3846 val
404 3780 555 3865 exceptio
577 3799 599 3844 a
621 3778 788 3847 communi
808 3775 901 3866 lage.

293 3897 562 4074 mm?
584 3899 772 3987 'mam’
793 3907 868 3968 m
887 3899 1077 3985 mma
1093 3918 1148 3966 α’
1201 3861 1364 4018 curatlllsrl'
1383 3860 1612 4020 Illlrllboglnllnntls’
1633 3867 1764 4040 sirmii
1771 3861 2193 4040 ttstpmputpppsmapffimpp:

290 4071 380 4160 ΜΟ
395 4074 557 4142 ”itm
576 4091 642 4139 Μ
660 4074 826 4160 ΨΜ
846 4072 893 4141 a
913 4091 1032 4139 ‘m-
1200 4035 2193 4214 tentzellius„„telesinum

245 4213 299 4278 Διι
321 4231 465 4279 necesse
485 4223 540 4279 est
556 4231 672 4278 omnes
695 4230 820 4279 coecos
838 4211 952 4277 sanari
967 4209 1147 4300 petentes‘l
1202 4222 1255 4276 cet
1276 4212 1311 4277 in
1332 4213 1465 4298 specie,
1487 4213 1549 4279 sed
1578 4233 1645 4278 non
1678 4222 1758 4278 snut
1805 4208 1977 4301 rivilegia,
1998 4213 2032 4279 in
2054 4175 2189 4301 ςὀιιοιο

156 4290 222 4364 tlte
239 4310 373 4383 oportet
394 4313 509 4366 tenere
537 4299 718 4365 discrimen
739 4297 973 4385 promissionis
1002 4297 1146 4385 ςιιῑίοο,
1200 4294 1238 4362 Ιιι
1260 4316 1385 4385 genere
1407 4299 1506 4365 ctiam
1528 4310 1609 4366 sunt
1629 4298 1730 4365 univc
1802 4316 1840 4363 es
1859 4298 2103 4384 promissiones
2113 4320 2192 4368 cor·
2267 4364 2277 4371 .

156 4391 191 4448 at
216 4385 474 4470 promissionum
501 4382 742 4471 temporalium.
795 4384 980 4451 Promissio
1014 4384 1145 4472 gratiae
1198 4380 1363 4469 potelium
1385 4385 1634 4452 beneficiorum.
1673 4384 1743 4450 Sed
1765 4385 1799 4450 in
1821 4387 1938 4471 specie
1959 4398 2037 4453 sunt
2056 4383 2191 4475 privile·

155 4478 211 4534 αι
231 4469 432 4538 universalis
455 4468 659 4557 simpliciter.
712 4468 959 4538 Promissiones
985 4491 1026 4538 co
1069 4490 1146 4537 ora·
1196 4470 1321 4620 gimid
1344 4483 1410 4551 est,
1432 4490 1500 4537 non
1522 4472 1575 4538 cst
1596 4490 1741 4539 necesse
1763 4471 1864 4537 istum
1886 4492 2043 4558 aegrum,
2071 4486 2130 4542 aut
2150 4470 2191 4540 il·

153 4550 207 4620 ias
230 4569 309 4624 sont
326 4555 534 4626 universales
552 4558 586 4623 in
608 4575 750 4643 genere:
780 4556 842 4622 sed
863 4568 942 4627 sunt
965 4559 1019 4644 pri
1042 4555 1145 4644 ‘egla
1211 4576 1266 4623 um
1290 4553 1445 4623 claudum
1467 4559 1593 4625 sanari.
1637 4556 1706 4626 Sed
1729 4569 1840 4624 tamen
1868 4578 1985 4625 verum
2014 4571 2068 4627 est
2087 4559 2189 4628 stin

152 4638 189 4707 in
208 4645 335 4730 specie.
368 4644 443 4712 lloc
463 4643 641 4712 discrimen
662 4654 701 4710 ut
720 4640 938 4731 intelligatur,
953 4645 1052 4730 prius
1075 4642 1144 4711 sol·
1196 4641 1294 4709 istum
1328 4641 1485 4712 claudum
1532 4657 1700 4711 recentem
1736 4643 1904 4725 exaudiri,
1937 4654 1972 4711 at
2010 4648 2190 4732 impsum

153 4745 231 4796 νοιιι
251 4727 318 4798 isco
336 4741 581 4821 argumentum,
594 4740 714 4815 postea
735 4730 777 4795 de
798 4726 907 4797 altaro
929 4749 1068 4819 quoquc
1089 4749 1143 4797 ra·
1194 4728 1441 4817 mitigationem.
1489 4665 1547 4797 Slc
1566 4743 1718 4818 tempore
1741 4733 1848 4819 pestis
1870 4731 2031 4798 orandum
2053 4742 2124 4815 ast,
2150 4743 2189 4800 ut
2241 4794 2244 4798 .

152 4816 342 4900 spondebo.
1193 4811 1290 4882 Deos
1323 4817 1451 4905 mitiget
1487 4813 1717 4905 calamitates3
1760 4819 1806 4884 ita
1838 4817 1873 4884 in
1905 4813 2006 4885 bellis
2040 4831 2075 4886 et
2108 4815 2190 4887 aliis

749 4937 758 4957 ·
1164 4888 1291 5018 'malis
1307 4899 1453 4987 publicis
1475 4905 1622 4990 petenda
1644 4915 1697 4970 ast
1717 4902 1891 4994 mitigatio.
1934 4901 2037 4972 'iales
2064 4925 2186 4993 prensa

1192 5006 1262 5055 non
1283 5000 1362 5056 sunt
1382 4990 1513 5065 irritaar
1536 4991 1614 5078 quia
1635 4991 1786 5079 precatio
1807 5009 1942 5076 semper
1965 4989 2055 5058 valet
2076 4993 2112 5059 ln
2127 5013 2187 5081 ga·

1190 5086 1346 5153 naret'at
1365 5077 1520 5162 impetrat
1541 5077 1780 5166 mitigationem
1791 5124 1804 5156 ,
1839 5076 1968 5144 etiamsi
1990 5076 2094 5166 aliqui
2126 5099 2185 5167 ps·

1189 5173 1300 5229 reust-
1344 5163 1402 5229 Sic
1422 5161 1632 5232 Davidorat
1663 5183 1726 5252 pra
1748 5160 1905 5232 asoecitn
1950 5162 2106 5246 Praedo
2127 5184 2186 5234 va·
