4620 5588
167 188 240 279 ιι
442 256 448 269 .
806 204 1545 279 enrnnmsomrmexsnenca.
1583 180 1607 195 „
1700 290 1706 312 „
1815 258 1819 263 .
2116 208 2184 277 aar

166 406 323 511 Proba,
362 409 473 518 quod
510 408 642 520 angeli
661 392 754 490 'sint
783 404 924 510 creati,
967 435 1058 490 cum
1098 434 1149 489 ea
1201 395 1433 479 definitiones,
1466 418 1553 486 qnae
1582 417 1650 463 non
1672 409 1784 502 extem
1805 400 1838 463 in
1856 398 2040 482 Scriptura.
2083 396 2183 464 liniti
2244 403 2247 410 '

1199 497 1278 550 sunt
1301 486 1437 570 pessimi
1456 497 1489 551 et
1511 486 1788 556 monstrosissimi
1812 484 1975 564 homines,
1991 485 2048 570 qni
2064 482 2181 550 volunt

266 562 317 644 de
347 592 390 645 re
421 592 502 646 non
534 565 608 661 fiat
637 563 792 646 mentio
822 561 864 644 in
896 559 1055 644 Genesi.
1199 566 1336 637 eludere
1358 573 1486 648 omnim
1515 571 1594 634 oder
1625 571 1679 633 dia
1705 571 1750 632 αα
1778 568 1855 632 aba
1875 569 1987 632 ααιιαι
2001 573 2036 631 ει
2056 570 2181 652 lamen

1199 665 1328 719 emerere.
1371 657 1449 722 Non
1471 659 1603 725 invenio
1626 659 1730 723 verba
1753 659 1874 722 idonea
1895 654 1962 722 illis
1984 653 2179 723 sceleribus.

255 743 465 830 Respondeo.
522 749 587 812 Per
620 744 685 812 boc
717 746 826 832 ipsum
860 745 984 808 dictum
1010 740 1166 823 Psalmi·
1198 744 1282 810 Sunt
1305 740 1479 810 diabolica.
1524 740 1689 810 Diabolus
1711 765 1731 808 a
1756 746 1814 809 itet
1836 755 1958 824 eos,ut
1975 742 2084 822 Deum
2102 763 2180 810 con·

165 831 285 915 probo,
308 833 398 916 quorl
419 834 486 899 iam
502 833 660 909 recitavi3
681 833 713 897 in
737 844 804 918 (μα
826 842 1001 916 utrumque
1024 841 1147 910 estrat,
1198 828 1334 896 tumelia
1355 827 1521 909 efficient,
1542 842 1577 896 et
1598 841 1632 895 ιιι
1653 765 1826 896 dedicent
1854 827 2125 908 imbecillitatem,
2147 842 2180 896 et

164 917 257 1066 pund
280 920 382 982 creati
406 916 484 997 sim,
497 931 530 984 ει
553 921 641 1006 quod
665 920 731 984 sint
755 918 901 1004 spiritus·
946 917 981 980 Si
1004 917 1078 1002 quis
1092 936 1146 981 ve·
1198 917 1365 982 miseriam
1388 929 1526 984 naturae
1547 928 1696 982 nostrae.
1740 917 1908 982 Probatur
1929 913 2021 982 clere
2042 936 2083 982 ex
2111 913 2179 981 illis

178 1004 203 1066 it
226 1001 395 1081 cavillari,
418 1007 508 1092 quod
530 1007 620 1091 apud
643 1005 816 1073 Hebraeos
838 1003 950 1081 Roob,
979 1001 1147 1089 significet
1198 1003 1307 1083 dictis,
1328 1004 1417 1090 quod
1440 1001 1553 1089 erigeli
1574 1004 1640 1068 siut
1661 1005 1707 1068 ite
1729 1005 1875 1083 conditi,
1906 1014 1944 1067 ut
1971 1003 2120 1067 habeant
2141 1000 2179 1068 li·

164 1095 295 1167 uatum,
318 1111 385 1154 non
408 1094 569 1173 spiritam
593 1091 806 1179 Respondeo,
828 1087 1030 1160 vocabulum
1041 1088 1145 1161 Roob,
1198 1090 1370 1170 bertatem,
1392 1092 1601 1175 sapientiam,
1621 1089 1791 1169 iustitiam,
1813 1110 1880 1193 (pua
1908 1087 2063 1154 libertate
2086 1101 2179 1174 pote·

165 1174 232 1239 duo
256 1176 434 1263 signifieat,
458 1191 592 1244 ventum
614 1190 647 1243 et
665 1179 825 1264 spiritum.
869 1174 945 1262 Ego
971 1195 1039 1241 non
1062 1193 1145 1240 curo
1197 1189 1273 1240 rant
1294 1195 1524 1261 perseverare,
1545 1186 1580 1242 et
1601 1187 1757 1260 poterent
1779 1177 1941 1252 debcere,
1964 1187 1997 1241 et
2018 1173 2118 1261 aliqui
2141 1196 2180 1241 se

163 1256 241 1325 illos
264 1259 489 1330 cavillatores«
533 1262 686 1350 Angelus
712 1266 786 1347 ipse
814 1264 908 1328 dicit:
935 1282 1000 1322 raca
1022 1280 1146 1323 corun·
1196 1273 1388 1327 averterunt
1408 1284 1430 1328 e
1451 1261 1539 1328 Deo.
1582 1262 1671 1324 Dore
1687 1265 1730 1325 nt
1747 1264 1799 1325 rte
1817 1283 1911 1343 prosa
1932 1273 2099 1328 certamen
2127 1284 2179 1344 pe-

159 1366 227 1419 our,
250 1368 315 1409 nen
337 1358 506 1431 mactare,
541 1365 574 1416 et
607 1369 693 1416 unus
727 1362 780 1414 est
801 1348 895 1414 Deus
924 1349 1143 1433 omnipotens.
1194 1356 1283 1414 west:
1307 1370 1372 1410 was
1393 1371 1426 1412 er
1447 1371 1510 1411 nun
1530 1352 1736 1430 praesenter,
1749 1350 1851 1414 credo
1874 1345 1981 1415 fuisse
2003 1360 2178 1432 peccatum

163 1432 218 1498 An
245 1432 288 1498 eli
310 1454 375 1499 non
398 1449 477 1502 sunt
498 1439 752 1521 omnipotentes.
802 1436 860 1500 Sic
881 1435 914 1499 iu
937 1432 1081 1519 epistole
1102 1434 1145 1498 ad
1195 1437 1389 1520 superbiae:
1413 1448 1446 1502 et
1468 1433 1546 1533 mihi
1567 1456 1634 1502 non
1659 1449 1712 1501 est
1733 1431 2081 1522 dubio-,qainiuerit
2101 1456 2179 1501 con·

163 1517 339 1668 {elre‘mos
372 1523 514 1628 dicitur,
546 1532 657 1669 potem
689 1520 758 1670 spir,-
784 1519 931 1670 ‘pinelppg
951 1517 1145 1668 tireponpygp
1167 1588 1172 1655 Ι
1195 1522 1530 1669 temptrppnedversus
1559 1521 1679 1589 Filium
1700 1521 1775 1587 Dei.
1820 1522 1892 1585 Dos
1923 1525 1967 1584 bt
1999 1525 2051 1583 ein
2081 1520 2179 1585 bobes

163 1609 700 1776 αιαῗῖιωιέεἶῧῖιῑῖεαιγιιὲῗὶιῗίιιεμη
715 1629 783 1669 m
808 1629 899 1669 num,
912 1626 948 1668 m
965 1629 1003 1668 or
1016 1629 1065 1668 ω.
1167 1629 1396 1791 ξφωδΑΙίιῙὲἱ.
1422 1692 1557 1782 angeli,
1589 1697 1646 1783 qul
1678 1696 1831 1762 viderunt
1863 1693 2079 1760 humilitatem
2102 1691 2178 1760 Filii
2251 1671 2261 1682 ⁸

199 1824 204 1834 Ι
250 1776 324 1842 Nun
345 1781 452 1862 lrompt
479 1783 534 1844 die
565 1799 688 1848 caussa
720 1777 846 1848 llnalis:
879 1779 964 1854 Quia
997 1777 1144 1844 delinitio
1167 1800 1170 1869 ι
1194 1777 1258 1845 Dei
1281 1778 1512 1847 antecellentis
1541 1782 1727 1867 sapientia,
1761 1793 1794 1847 et
1826 1793 1937 1846 tamen
1970 1780 2178 1848 subiicientis

164 1877 216 1969 est
238 1865 422 1932 eansselisz
445 1866 588 1934 Materia
610 1881 680 1948 est,
711 1887 773 1929 noa
793 1887 836 1928 ea
853 1866 1017 1928 elementis.
1063 1864 1143 1931 Effi·
1166 1889 1170 1938 ξ
1195 1868 1356 1952 seponi,
1379 1888 1454 1932 cum
1476 1868 1539 1953 ipsi
1562 1880 1677 1935 essent
1699 1869 1842 1935 subiecti
1864 1866 1947 1933 Filio
1971 1869 2061 1953 (quia
2084 1866 2179 1933 Dens

164 1968 269 2029 erens,
292 1961 401 2015 creato
424 1976 443 2015 o
465 1954 547 2019 Deo.
591 1954 683 2020 Finis
705 1965 770 2028 est,
791 1961 826 2016 ιιι
848 1953 1000 2015 diatribae
1013 1958 1144 2033 nepote·
1167 1955 1170 2017 l
1194 1954 1335 2018 subiecit
1358 1952 1500 2041 angelos
1523 1951 1621 2031 Filio)
1645 1975 1714 2020 non
1742 1953 1919 2032 voluerunt
1951 1974 2071 2041 perere
2091 1952 2178 2020 Filio

158 2038 282 2116 faceret
302 2043 336 2099 in
353 2059 391 2101 ee
412 2049 546 2107 notare:
577 2042 608 2107 irl
644 2055 720 2118 est,
753 2037 848 2106 Dens
881 2036 986 2104 voluit
1017 2037 1143 2103 habere
1167 2060 1170 2100 ὲ
1193 2036 1271 2118 Dei,
1292 2039 1390 2101 bobes
1412 2040 1864 2125 aottanloakmseymd
1885 2039 1985 2103 leben
2006 2043 2095 2103 anan
2116 2044 2181 2102 rire

129 2147 132 2150 ’
162 2140 458 2212 creatoremquae
474 2138 565 2192 esset
587 2125 769 2212 spiritualis
791 2141 958 2210 persona·
991 2122 1071 2187 Gott
1086 2114 1170 2207 bot}
1192 2126 1345 2207 pennalt.
1974 2180 1983 2198 χ

161 2208 271 2271 oeten
291 2211 390 2274 Ιιαιεα
412 2225 549 2280 naturas
570 2211 760 2298 spirituales
783 2224 816 2278 et
844 2208 1058 2296 corporales,
1082 2231 1143 2295 per
1282 2212 1459 2279 Peccatum
1470 2209 1666 2300 angelorum
1679 2223 1733 2278 est
1743 2224 1917 2297 peceatum
1930 2210 2178 2300 blasphemiae3

160 2315 246 2381 ques
268 2311 523 2385 agnosceretur,
545 2312 577 2366 et
598 2311 635 2366 nt
655 2297 722 2365 illis
751 2300 933 2384 impertiret
966 2316 1062 2364 suem
1085 2300 1143 2364 bo·
1194 2300 1272 2385 quie
1294 2321 1361 2365 non
1380 2310 1459 2364 sunt
1479 2298 1565 2384 lapsi
1586 2298 1785 2379 infirmitate,
1809 2301 1896 2377 sicut
1908 2299 2017 2365 Adam
2039 2310 2072 2365 et
2089 2296 2177 2365 Eva:

160 2381 306 2449 nitatem.
1194 2386 1255 2450 seri
1288 2387 1435 2452 scientes
1469 2397 1742 2472 contempserunt
1777 2387 1924 2472 agnitum
1957 2383 2080 2452 lilium⁴
2100 2384 2177 2464 Dei,

248 2469 301 2535 Ad
325 2491 479 2538 caussam
501 2469 675 2538 formalem
697 2472 857 2558 pertinet,
879 2471 969 2557 quod
991 2470 1025 2535 in
1049 2489 1142 2536 orca·
1193 2469 1345 2537 horn'bili
1366 2473 1533 2558 snperbia.
1585 2473 1761 2540 Peccatum
1794 2471 1991 2559 angelorum
2024 2492 2090 2536 non
2124 2482 2178 2537 est

159 2553 250 2619 tione
272 2558 382 2624 ornati
402 2570 481 2624 sant
501 2560 677 2645 sapientia,
697 2559 833 2639 iustitie,
855 2569 888 2624 et
908 2554 1063 2623 libertate
1085 2577 1143 2622 vo·
1194 2557 1301 2624 simile
1323 2571 1463 2644 peccato
1485 2556 1643 2626 bonrinis:
1667 2560 1745 2623 ideo
1766 2556 1861 2625 Deus
1890 2555 2031 2625 mirabili
2063 2570 2097 2625 et
2128 2559 2177 2623 in·

158 2635 306 2722 luntatis,
326 2655 363 2710 ut
384 2656 499 2711 essent
519 2646 630 2733 imago
647 2645 723 2713 Dei.
767 2643 845 2711 Non
866 2640 949 2712 volo
969 2641 1142 2728 disputare
1195 2643 1372 2711 enarrabili
1394 2646 1623 2711 misericordia
1645 2641 1726 2710 lecit
1747 2645 2046 2731 dispensationem,
2068 2655 2103 2710 et
2120 2646 2178 2710 ad·

159 2725 203 2794 de
224 2730 378 2882 impiginp.
422 2731 648 2882 Tantumllroc
669 2734 809 2882 probe,l
826 2732 917 2835 queri
944 2731 1020 2881 einp}
1033 2729 1142 2794 ornati
1192 2733 1290 2836 mittit
1309 2736 1473 2839 faunam
1494 2733 1528 2796 ln
1544 2732 1735 2838 reeipieudo
1756 2752 1881 2818 genere
1908 2732 2076 2812 bumeno,
2109 2751 2177 2796 non

158 2816 1142 2988 ibina“iiimtinitimlbbaastiit
1193 2838 1228 2883 ¹¹¹
1249 2818 1449 2904 anema,
1470 2817 1625 2885 amna

245 2989 314 3055 Sed
336 2992 503 3139 puomotlo
525 2989 585 3056 illa
606 2989 801 3071 cohaerent,
813 2991 903 3077 qnod
925 2986 1048 3055 luermt
1065 3006 1142 3053 eon

157 3073 217 3139 diti
239 3092 315 3141 eum
351 3079 490 3143 ibertate
510 3075 708 3159 voluntaris,
720 3088 753 3143 et
771 3078 862 3164 quod
879 3087 1000 3164 postea
1011 3075 1141 3141 demum

156 3156 283 3228 fuerint
304 3161 513 3233 confirmati?
1194 3226 1197 3231 .
1308 3144 1422 3242 -Was
1450 3145 1553 3242 'lilii
1580 3149 1659 3242 MS
1687 3158 1788 3241 wer!
1815 3146 2043 3240 Diabolus?

246 3247 462 3335 Respondes.
512 3248 728 3318 Manifestum
760 3261 813 3315 est
840 3246 1021 3316 Diabolum
1054 3243 1142 3312 ‹lese-
1386 3274 1391 3283 ·

158 3333 248 3402 cisse
269 3337 405 3423 propria
425 3336 615 3404 voluntates
636 3336 729 3425 Ergo
762 3333 821 3401 ille
852 3348 972 3403 netum
1003 3331 1065 3399 suit
1096 3334 1142 3398 ite
1279 3330 1345 3398 Em
1364 3334 1549 3416 oerkebrer,
1581 3336 1661 3398 aaa
1685 3334 1911 3414 nehauoda,
1939 3335 2018 3398 oder
2039 3333 2176 3416 loquer.

158 3424 304 3503 condita,
325 3437 361 3489 ut
383 3435 475 3491 esset
495 3423 619 3504 libera,
641 3437 676 3491 et
697 3434 734 3489 ut
755 3433 833 3490 ente
856 3420 1159 3491 confirmationem
1193 3421 1347 3508 διαβάλλει
1370 3419 1564 3488 calumnior.
2224 3425 2226 3429 ’

157 3519 275 3596 posset
294 3508 375 3577 labi.
417 3508 517 3578 Nunc
542 3532 629 3578 nero
663 3521 717 3576 est
748 3508 908 3583 libertas,
931 3509 993 3575 eerl
1013 3509 1078 3589 ite,
1106 3517 1143 3571 ut

158 3597 226 3662 slnt
247 3595 432 3664 conlimreti
452 3599 488 3663 ln
510 3600 616 3667 bono:
644 3595 786 3685 Angeli,
820 3598 919 3663 etiam
950 3597 1001 3661 sle
1024 3591 1142 3673 conlin-

157 3682 248 3763 matl‚
270 3686 386 3750 tameu‘
402 3694 482 3750 sunt
501 3682 598 3751 liberi
620 3685 654 3751 ln
676 3682 840 3752 electione
860 3685 1035 3749 bonorum.

1189 3772 1193 3779 '
1239 3750 1333 3846 WaS
1362 3750 1486 3846 heiti:
1517 3756 1760 3859 calumniari,
1791 3768 1864 3839 eut
1890 3749 2123 3842 calumnie?

271 3996 273 3999 ,
469 3950 472 3955 ·
1279 3938 1343 3999 Ein
1362 3940 1487 4022 plfflipe
1508 3937 1615 4020 lupera,
1643 3941 1694 4000 ein
1718 3938 1903 4020 verber-erup,
1925 3936 2175 4017 mlanmbdrmp,

35 4053 37 4056 .
157 4017 292 4101 proba
323 4022 417 4124 hoc,
455 4017 674 4104 Diabolum
719 4043 809 4113 9350
849 4018 1007 4130 lapsum
1044 4043 1141 4129 pro.
1189 4024 1593 4131 sebleblnicbeoerltlnpnay:
1639 4023 2008 4130 earnemcarnem,
2029 4023 2179 4168 pibtdop

182 4266 187 4272 ,
221 4172 558 4285 provoluntate,
588 4202 662 4257 seu
691 4173 852 4287 propria
881 4173 1077 4256 libertate.
1193 4110 1682 4263 βαιοῗιαῖήἶοῗιοῗαὲωβῖὲῇζ
1696 4111 2057 4264 mamyri&
2075 4110 2176 4260 opp:-

1193 4283 1292 4353 bolus
1315 4284 1417 4351 babet
1440 4305 1558 4350 nomen
1581 4305 1603 4348 e
1623 4284 1829 4350 mentiendo.
1868 4284 1917 4345 lat
1942 4288 1994 4345 ein
2020 4281 2162 4344 eneam·

244 4374 457 4461 Respondeo.
502 4375 571 4437 Der
596 4374 677 4436 Tm
696 4374 731 4439 in
753 4370 835 4441 lude
855 4380 945 4455 rapt.-
973 4372 1046 4434 Non
1067 4377 1141 4436 reti·
1193 4372 1267 4436 cbcr
1287 4391 1386 4434 neme.
1431 4368 1605 4436 calumnia
1626 4384 1679 4436 est
1702 4369 1806 4436 multo
1836 4372 2012 4435 nocentior
2038 4369 2175 4434 homici-

88 4497 98 4510 =
156 4469 263 4524 nentes
285 4465 436 4545 oripinam
456 4483 553 4525 roam.
597 4461 688 4547 Ergo
712 4462 808 4548 origo
830 4456 890 4524 luit
913 4460 1013 4538 bone,
1029 4471 1062 4524 et
1083 4480 1142 4524 en·
1193 4461 1264 4534 dio,
1287 4458 1364 4545 quie
1387 4454 1608 4522 calumniator
1625 4457 1784 4523 interlicit
1812 4459 1953 4521 animam
1981 4470 2015 4521 et
2037 4474 2175 4540 corpus,

157 4548 224 4636 geli
247 4551 386 4634 primum
410 4560 486 4614 sunt
509 4551 619 4615 ornati
641 4547 815 4632 sapientia,
837 4545 972 4625 institia,
988 4559 1020 4610 et
1041 4543 1142 4610 liber·
1192 4546 1225 4610 id
1248 4557 1313 4624 est,
1334 4542 1382 4605 Er
1403 4547 1503 4624 nimpt
1524 4547 1621 4604 ειαααι
1643 4543 1799 4615 diela'ltre,
1822 4543 1889 4604 end
1910 4543 1971 4604 dos
1992 4542 2087 4603 leben.
2110 4541 2176 4629 Die

157 4646 224 4700 tate
247 4634 438 4700 voluntatis.
473 4633 542 4700 Sed
554 4633 718 4700 Diabolus
730 4654 799 4699 non
809 4633 945 4700 retinuit
961 4629 1018 4698 illa
1041 4634 1140 4698 (lona.
1193 4629 1366 4697 Calumnia
1388 4629 1458 4692 tint
1477 4629 1633 4692 moralem
1654 4650 1690 4690 so
1712 4628 1805 4699 oeno,
1828 4629 1889 4689 das
1910 4649 1945 4689 er
1962 4629 2075 4690 dnther
2096 4633 2174 4689 tier-

156 4722 254 4787 item:
272 4721 439 4793 Diabolus,
462 4742 529 4784 eam
546 4722 686 4806 loquitur
706 4721 918 4800 mendacium,
940 4719 1078 4802 loqrn‘tnr
1100 4740 1142 4781 ese
1192 4719 1248 4782 oen
1265 4737 1364 4787 murm·
1376 4716 1465 4802 qnia,
1478 4717 1612 4803 quando
1632 4714 1731 4782 alicui
1753 4715 1889 4799 eripitur
1909 4713 1998 4779 fame
2019 4714 2175 4790 honesta,

151 4812 307 4891 propriis.
355 4812 455 4886 item,
489 4808 527 4869 In
560 4812 693 4872 veritate
724 4828 786 4870 non
808 4811 907 4871 stetit.
950 4805 1044 4872 llaec
1064 4827 1138 4891 pro·
1191 4825 1259 4872 non
1283 4815 1335 4868 est
1357 4822 1567 4883 caussa,cur
1587 4814 1720 4887 expetat
1742 4803 1865 4866 vivere.
1908 4801 2061 4863 Moncber
2083 4797 2174 4864 oalu·

156 4896 236 4961 bant
259 4908 444 4982 utrumque,
469 4896 558 4982 quod
581 4893 773 4961 deiecerunt
796 4914 858 4959 sua
887 4891 1076 4972 voluntate,
1105 4904 1139 4957 et
1191 4893 1334 4956 mniator
1356 4902 1409 4953 est
1432 4887 1528 4954 simul
1550 4902 1584 4955 et
1605 4888 1793 4966 homicide,
1824 4901 1859 4952 et
1891 4886 2001 4952 famae
2030 4899 2173 4970 ereptor.

157 4983 247 5068 quod
281 4984 370 5047 initio
404 4983 528 5047 conditi
561 4980 627 5045 sint
660 4982 749 5046 boni.
795 4979 888 5047 llaec
909 4983 1000 5048 bono
1022 4976 1139 5044 funda·
1191 4973 1358 5042 Diabolus
1381 4994 1448 5039 non
1471 4987 1597 5041 tantum
1620 4987 1672 5040 cst
1695 4973 2025 5059 calumniator,quori
2048 4975 2092 5039 ad
2114 4972 2174 5038 bo·

26 5074 29 5081 '
156 5081 267 5133 mento
291 5080 486 5133 extruuntur
508 5066 638 5134 exiliis
660 5069 845 5132 sententiis.
1191 5064 1324 5142 minem,
1348 5063 1410 5126 sed
1443 5063 1540 5126 etiam
1574 5063 1664 5147 qnod
1697 5063 1741 5127 erl
1762 5060 1881 5126 Deum.
1927 5061 1998 5122 Dor
2019 5059 2102 5122 cebet
2123 5057 2174 5119 alar

244 5153 322 5220 mim
346 5151 599 5269 aliquantipser
622 5155 810 5233 obiectum,
844 5153 934 5239 quod
968 5154 1139 5219 tradamus
1191 5154 1226 5213 ια
1243 5149 1474 5215 dartonensis
1496 5148 1680 5233 spiritibus:
1704 5148 1745 5209 ln
1765 5149 1827 5211 den
1844 5148 2094 5234 Anabeptistis,
2116 5145 2172 5231 qui
