4620 5588
51 254 56 265 ,
131 186 200 257 aaa
256 223 261 240 ·
731 176 884 253 ‘eum
905 183 1009 251 nun.
1031 183 1220 253 scaram
1241 138 1506 253 amoenas.
2058 182 2161 252 uno

220 373 346 441 Postea
365 384 516 460 tempore
542 371 688 439 Heraclii
719 372 949 459 imperatoris,
984 371 1117 440 Cosroa
1166 375 1321 459 Erfurdt,
1345 384 1377 440 et
1399 374 1548 440 attribuit
1566 374 1597 440 ei
1617 375 1743 440 reditus
1758 375 1794 440 in
1810 373 1902 454 lena,
1923 377 1985 441 dot
2000 375 2083 440 noch
2103 383 2151 444 tet
2242 391 2245 396 ’

132 483 194 528 rex
216 462 376 531 Persicus
398 464 515 546 eripuit
537 459 736 525 Christianis
759 480 913 536 araceum
940 457 1045 527 voluit
1060 462 1115 526 da·
1166 462 1201 527 in
1223 459 1445 527 fundatione.-
1470 460 1617 528 Fuerunt
1637 463 1749 549 magni
1776 474 1888 527 motus
1916 462 1949 527 in
1971 470 2042 527 toto
2064 463 2148 528 orbe

78 622 82 631 ¹
122 547 205 616 dere
227 547 422 635 religionem
445 546 679 626 Christianam,
700 567 734 608 er
755 547 827 609 bots
847 567 914 628 ποορ
928 549 1035 629 ‘pasuri
1055 567 1115 609 oon
1166 553 1339 614 terrarum.
1399 547 1569 614 hiahemet
1601 569 1676 614 curn
1708 548 1781 614 suis
1814 549 2020 617 exercitibus
2048 546 2147 614 Sara·

132 636 329 708 renarrem,
362 635 407 695 do
444 633 518 694 sind
550 634 603 695 die
630 654 740 716 prosse
771 632 932 699 tumultus
964 654 1113 715 peweserr.
1167 636 1260 701 cenis
1288 646 1324 701 et
1343 634 1512 723 Agerenis
1540 637 1718 722 occupavit
1739 636 1915 701 Arabiamt
1947 645 2068 721 posteo
2098 637 2147 700 in·

132 721 309 789 Heraclius
332 722 412 809 vicit
433 741 519 792 eumr
551 732 585 786 et
618 720 736 804 eripuit
763 721 794 786 ei
816 721 934 792 iterum
959 719 1114 800 Crucem,
1208 741 1307 787 assus
1329 734 1383 787 est
1404 723 1514 787 vicina
1536 720 1615 787 loca
1636 722 1783 810 Aegypti
1810 732 1845 788 et
1864 720 1984 786 Asiae:
2010 719 2149 808 protulit

132 810 199 871 uad
219 808 291 870 dots
309 807 451 869 derrnocb
472 826 531 867 son
552 806 747 868 Hierusalem
772 827 834 889 qen
856 806 1119 890 Corutontr'nopel
1190 828 1252 874 nes
1273 808 1401 892 imperii
1428 809 1462 872 in
1484 807 1667 889 Persidem,
1697 819 1732 875 et
1763 810 1809 874 ita
1840 807 2000 895 paulatim
2032 810 2148 874 erevit.

134 895 255 959 breem.
300 894 379 959 inde
402 904 455 958 est
476 890 598 959 festum
619 893 839 955 Eeoltotioair
863 893 985 958 Crucis.
1167 893 1216 959 lta
1237 896 1373 961 veniunt
1393 890 1480 961 eliac
1502 908 1535 961 et
1556 892 1644 962 aliae
1666 896 1863 961 mutationes
1884 913 2083 981 regnorum,
2115 905 2149 960 et

220 980 348 1047 Eodem
381 991 551 1065 tempore,
584 1001 651 1065 quo
684 979 816 1045 luerunt
848 978 938 1047 bella
969 976 1116 1047 Heraclii
1167 981 1378 1067 imperiorum
1409 983 1443 1048 iu
1477 983 1612 1048 mundo.
1666 980 1755 1048 luter
1786 980 1851 1046 hos
1883 982 2007 1048 fluctus
2035 992 2149 1046 tamen

133 1088 209 1135 cum
231 1066 360 1144 Persis,
382 1077 476 1131 ortus
499 1078 551 1130 est
579 1063 763 1143 blahomet3
796 1068 873 1153 quia
905 1078 1043 1133 exortus
1064 1077 1129 1133 est·
1166 1065 1264 1135 Deus
1295 1083 1410 1133 servat
1443 1071 1596 1156 cymbam
1630 1087 1744 1148 suam,
1776 1069 1811 1133 id
1842 1080 1913 1147 eat,
1944 1064 2149 1132 Ecclesiamt

133 1174 223 1220 anno
254 1153 305 1218 ts.
327 1149 491 1232 Heraclii,
520 1152 590 1214 Der
615 1153 672 1214 bat
699 1156 788 1215 einen
819 1174 950 1235 prosam
978 1153 1116 1215 rotass-
1167 1155 1256 1221 sicut
1276 1155 1425 1221 servavit
1445 1175 1558 1221 arcam
1580 1152 1679 1222 Nohe
1704 1157 1792 1220 iuter
1816 1153 1941 1221 fluctus
1966 1154 2001 1218 in
2023 1151 2149 1219 diluvio

133 1241 209 1302 eben
236 1241 350 1304 termes
373 1239 578 1321 reperietur.
628 1238 757 1306 Multae
789 1251 908 1327 gentes
943 1237 1117 1325 amplexae
1167 1238 1361 1320 universali,
1382 1244 1435 1308 sie
1455 1242 1604 1310 servabit
1631 1263 1733 1328 porro
1750 1239 1938 1309 Ecclesiam
1967 1241 2002 1306 in
2024 1259 2150 1328 genere

131 1325 265 1396 fuerunt
284 1325 368 1391 illud
392 1322 540 1392 delirium
561 1337 695 1406 tetrum,
717 1338 750 1392 et
772 1329 955 1392 doctrinam
976 1324 1117 1391 horribi-
1166 1328 1322 1395 humano.

93 1440 109 1481 r
131 1409 209 1492 lem,
231 1433 317 1499 quae
339 1425 392 1477 est
413 1410 620 1498 blasphemia
642 1423 761 1478 contra
781 1410 997 1483 FilirrmDei.
1040 1413 1117 1498 lpse
1204 1431 1218 1489 ,·

133 1511 188 1566 est
208 1509 308 1565 natus
330 1500 363 1562 in
385 1499 523 1574 Arabia,
546 1499 632 1563 inter
649 1498 840 1584 Agerenos.
883 1498 1038 1561 Saraceni
1059 1501 1115 1565 ba·

133 1587 215 1652 hant
234 1604 356 1649 nornen
379 1605 399 1648 a
421 1584 519 1646 Soror
549 1582 665 1651 volunt
691 1605 768 1650 esse
797 1585 861 1651 drti
882 1605 925 1649 ex
947 1586 1053 1665 Sara,
1080 1585 1115 1650 id

134 1682 198 1751 est,
220 1669 344 1746 libera;
368 1669 520 1752 sperent,
543 1673 585 1735 ab
609 1671 711 1752 Aper,
750 1692 814 1738 uae
832 1672 893 1735 luit
914 1669 1036 1737 ancilla
1054 1672 1115 1737 Sa·
1406 1651 1480 1722 ΒΧ
1502 1652 1608 1719 ᾹῙᾸᾹ
1636 1651 1908 1722 ΒΗᾹΡΒΟΒΙΑ-
1948 1665 1952 1676 ’

134 1777 205 1836 rae,
228 1777 271 1822 ex
299 1777 366 1841 qua
392 1770 492 1822 natus
526 1768 578 1821 est
606 1693 761 1823 tsmshel.
812 1758 943 1823 Posteri
969 1757 1116 1825 ismahel
1179 1758 1183 1765 '
1647 1755 1656 1768 '

132 1856 212 1909 suut
243 1843 410 1929 Agereni3
448 1844 576 1928 posteri
613 1841 706 1908 Esau
737 1843 838 1905 doben
869 1844 978 1909 wotlm
1012 1844 1117 1907 adeles
1254 1842 1292 1910 lu
1329 1864 1446 1910 mense
1477 1841 1569 1910 Maio
1608 1839 1796 1912 celebratur
1837 1842 1986 1911 inventio
2024 1843 2149 1924 erucis,

132 1931 212 2009 adn,
234 1937 365 1990 penaten
382 1928 451 1989 siob
472 1929 674 1994 Saracenos.
719 1931 840 1996 Partus
864 1931 1014 2018 sequitur
1038 1951 1117 1996 ven·
1191 1929 1304 1998 nando
1332 1927 1461 1996 Helena
1488 1929 1616 1996 invenit
1644 1950 1797 2009 crucem,
1829 1930 1864 1995 in
1894 1951 1961 2017 qua
1992 1930 2151 2016 pependit

8 2019 24 2043 ⁸
132 2027 229 2087 trem.
273 2015 329 2077 Do
350 2018 392 2076 r'rt
415 2015 473 2076 der
493 2017 592 2095 arefiat
613 2017 749 2099 pedores
766 2017 904 2083 worden.
1168 1951 1336 2084 ghristus.
1402 2015 1514 2082 Credo
1553 2013 1703 2083 Helenae
1742 2014 1917 2083 historiam
1959 2036 2029 2083 uon
2072 2036 2151 2083 esse

219 2102 350 2167 Nomen
372 2101 539 2174 Mobomat,
561 2102 724 2188 significat
735 2103 1006 2187 indignationem,
1021 2103 1116 2181 iram,
1168 2103 1292 2170 hetam.
2103 2134 2110 2147 ·

133 2191 223 2250 dnm
243 2191 334 2271 pribr.
353 2276 361 2293 ο
379 2188 454 2254 Fuit
473 2208 553 2253 vere
573 2188 660 2254 furia
681 2186 866 2294 Diabolica.
910 2188 1053 2255 Sustulit
1062 2211 1116 2255 ur·
1178 2277 1183 2294 ¹

96 2272 1117 2437 -bilta,qtttttni'i‘ttbtl,tillitus,itt
1638 2434 1647 2453 ‚

131 2445 311 2526 hominem,
333 2447 448 2525 idest,
470 2448 666 2532 prophetam
689 2448 827 2512 bonum:
851 2458 900 2527 ut,
922 2449 1045 2534 siquis
1068 2448 1115 2514 di·
1435 2431 1554 2538 Quae
1591 2431 1669 2518 suli
1698 2433 1886 2521 Helena?

132 2546 191 2609 cat
211 2532 318 2599 fuisse
339 2530 479 2598 similem
497 2533 639 2600 Socrati.
685 2531 786 2599 Tales
809 2554 939 2622 nugae,
967 2546 1024 2601 aut
1055 2553 1115 2619 po·
1349 2576 1356 2591 ι
1584 2539 1587 2545 ’

131 2621 200 2688 tius
222 2616 451 2705 blasphemiae
472 2621 598 2685 suntin
622 2617 805 2685 Alcorano.
1253 2615 1363 2684 Mater
1395 2617 1607 2685 &nsuutini
1645 2614 1879 2702 imperatoris,
1911 2637 1998 2705 quae
2036 2617 2152 2686 adola-

142 2715 144 2718 ’
219 2706 412 2775 Alcoranus
435 2708 524 2773 uude
546 2707 689 2773 dicitur?
709 2704 849 2779 Korocb,
867 2716 922 2772 est
943 2704 1115 2785 collectio,
1167 2716 1317 2772 scentem
1340 2704 1594 2772 Constantinum
1643 2704 1674 2768 'e
1700 2705 1856 2770 educavit
1884 2715 1918 2769 et
1943 2704 2085 2772 instituit
2106 2708 2151 2773 ad

131 2790 279 2880 farrago.
324 2790 446 2858 Postea
470 2793 583 2858 docuit
605 2794 789 2858 doctrinam
812 2811 965 2877 operum:
986 2792 1043 2854 bat
1064 2812 1115 2874 pe·
1168 2792 1352 2859 doctrinam
1373 2788 1559 2858 Ecclesiae.
1632 2792 1680 2856 uit
1706 2788 1824 2856 mulier
1843 2790 2047 2858 Britannica.
2090 2791 2150 2857 Di·

131 2879 204 2959 tert,
236 2899 269 2939 or
296 2899 352 2961 rep
380 2879 431 2938 ein
452 2877 588 2939 lostlied
614 2878 703 2960 disp,
735 2897 822 2938 wenn
855 2881 941 2939 einer·
962 2881 1005 2939 t'm
1025 2877 1116 2961 ltrr'eq
1168 2880 1269 2959 citur,
1303 2878 1393 2964 quod
1439 2876 1497 2942 illa
1536 2878 1652 2943 iterum
1691 2878 1855 2944 invenerit
1887 2897 2033 2944 crucem·
2087 2879 2151 2945 Est

130 2965 348 3040 ranblronmrrt3
371 2967 402 3031 si
424 2967 499 3052 quis
514 2957 606 3050 perit
626 2985 689 3051 pro
712 2983 775 3030 sua
795 2961 1040 3051 religione‚pro
1081 2986 1115 3030 a·
1167 2961 1342 3031 emathites
1376 2964 1455 3050 quia
1476 2959 1742 3050 Hierosolymam
1775 2975 1809 3030 et
1834 2961 2032 3033 Bethlehem
2061 2963 2152 3032 Cou-

43 3110 48 3119 s
131 3055 214 3129 tria3
246 3064 421 3137 praeterea
451 3047 544 3116 laxat
575 3047 671 3117 irena
704 3050 949 3137 cupiditatibus.
1015 2988 1117 3117 'tolle
1167 3050 1334 3117 staulinus
1367 3063 1401 3115 et
1421 3050 1526 3134 ipsius
1548 3061 1654 3115 mater
1675 3047 1775 3117 valde
1796 3061 1968 3131 ornarunt,
1996 3063 2035 3146 et
2050 3051 2158 3136 hodie

130 3138 228 3228 leges
251 3139 350 3203 conia
376 3139 410 3217 ii,
432 3138 592 3223 permittit
614 3137 691 3204 duci
714 3149 748 3203 et
769 3139 869 3204 abiiei
891 3138 965 3203 sina
992 3137 1116 3204 iudicio
1168 3139 1282 3203 dieunt
1303 3133 1461 3221 templum
1481 3137 1516 3201 in
1538 3145 1608 3202 toto
1631 3137 1715 3201 orbe
1730 3134 1987 3224 pulcherrimum
2016 3157 2094 3204 esse
2115 3140 2150 3204 iu

131 3228 307 3313 coniuges.
351 3159 425 3289 lua
446 3236 541 3311 grata
565 3222 621 3289 lex
642 3220 849 3292 multitudini.
892 3225 942 3287 Ist
963 3225 1016 3289 ein
1036 3225 1116 3305 disp
1166 3214 1375 3302 Bethlehem,
1396 3243 1464 3288 nou
1485 3224 1729 3310 magnitudine,
1761 3244 1961 3311 quamquam
1988 3236 2040 3290 est
2066 3226 2150 3293 satis

128 3313 185 3395 sur
206 3313 267 3374 dea
285 3310 385 3393 pdfel,
428 3308 521 3390 item,
541 3307 602 3376 suit
623 3308 678 3377 lex
700 3313 952 3377 accommodata
974 3311 1018 3376 ad
1034 3308 1116 3376 mili·
1167 3307 1324 3396 amplum,
1346 3310 1408 3376 sed
1430 3310 1626 3376 marmoreis
1649 3305 1814 3375 eolum'nis
1835 3308 1937 3376 valde
1958 3309 2149 3378 excellente

74 3424 84 3457 r
131 3412 209 3467 tare
230 3419 336 3487 genus
357 3395 535 3463 hominnm.
582 3396 770 3483 Occupavit
796 3408 900 3463 totam
921 3398 1054 3477 Asiam,
1083 3409 1117 3462 et
1166 3394 1233 3463 hoc
1255 3393 1384 3462 Helene
1404 3395 1604 3462 aedificavit.
1647 3391 1776 3462 Belena
1796 3407 1851 3462 est
1871 3396 2072 3477 Hebraeum,
2094 3395 2152 3465 vel

79 3482 1117 3640 1{llllirlilillfilil*''ll“'llll'illlllerlli
1167 3479 2151 3637 lulltitltltbtt'tttlltbtidelm

131 3594 297 3732 Alltlim
331 3615 611 3720 arseu’lanmr'er
643 3590 805 3720 dgolpsr'cd’
828 3592 1024 3741 onyprefonpea
1049 3617 1116 3724 'He-
1253 3591 1340 3722 lule
1360 3653 1482 3722 festum
1499 3621 1634 3723 'dicitur
1655 3614 1804 3722 talum
1823 3589 1944 3735 garam
1966 3656 2033 3723 hoc
2051 3617 2150 3738 uero,

133 3743 230 3816 raclii
252 3757 411 3829 tempora.
509 3830 520 3838 ,ι
1167 3747 1321 3810 exuimus
1357 3749 1481 3825 meta,
1524 3755 1559 3808 et
1596 3742 1745 3808 continet
1782 3740 1954 3808 historiam
1992 3753 2151 3850 receptae

219 3831 347 3897 Eodem
379 3843 530 3914 tempore
561 3824 694 3895 suerum
721 3825 811 3896 bella
843 3828 1049 3896 Francorum
1083 3840 1117 3895 et
1167 3831 1280 3898 crucis
1312 3820 1400 3895 a''R
1447 3850 1467 3894 e
1499 3826 1637 3894 Persico
1675 3825 1808 3894 Gosroa
1845 3848 1906 3912 per
1948 3827 2149 3896 Heraclrum.

134 3917 316 3986 Saxonum.
338 3916 458 3982 Franci
481 3928 661 4002 gesseruut
684 3912 806 3981 bellum
829 3916 993 3983 adversus
1010 3916 1116 3982 Saxo·
1165 3915 1314 3983 Fuerunt
1334 3849 1644 4001 uesefmperatoras
1666 3915 1824 3994 continui,
1845 3914 2040 3997 Mauricius,
2061 3915 2150 3984 Pho·

132 4025 208 4075 nes.
253 4003 424 4078 Quaedam
456 4000 664 4068 nobilissima
695 4002 894 4088 principissa
922 3999 1116 4068 brunhildis
1149 4023 1240 4083 cas,
1262 4014 1296 4067 et
1311 3998 1507 4068 Heracliusr
1528 4021 1670 4086 quorum
1685 3998 1824 4069 historia
1840 4002 1942 4068 debet
1955 4004 2054 4068 vobis
2070 4020 2151 4070 essa

133 4104 189 4159 est
219 4091 390 4176 discerpta
421 4090 552 4156 duobus
585 4089 681 4173 equis
702 4108 722 4154 a
743 4086 893 4154 Francis.
937 4088 1030 4150 ham
1062 4088 1116 4150 dte
1164 4100 1245 4156 notu
1289 4099 1405 4172 ropter
1423 4084 1546 4154 multas
1566 4105 1720 4153 caussas.

133 4176 341 4260 Bsrprmdier
359 4175 490 4238 diadem
510 4178 565 4254 mit
582 4174 643 4236 den
662 4173 824 4247 Soebrenr
844 4176 931 4241 sicut
941 4175 1116 4263 Burgundi
1252 4172 1275 4239 h
1309 4174 1434 4241 uricius
1473 4173 1520 4238 lm
1563 4185 1656 4239 rator
1698 4184 1762 4250 est
1793 4193 1887 4239 exem
1910 4168 1981 4240 lum
2016 4163 2151 4261 insigne

134 4275 216 4331 aunt
237 4261 405 4329 Saxonesr
426 4263 495 4327 Dar
515 4273 643 4329 tractus
665 4261 813 4324 miscam
833 4261 1021 4345 Modebarp,
1037 4261 1116 4324 Hal·
1166 4261 1446 4348 poenitentiaeet
1510 4261 1654 4326 sentiae.
1691 4259 1767 4326 Fuit
1788 4195 1959 4326 excellhns
1979 4261 2151 4347 princeps,

122 4350 289 4421 'Mrrwdt
310 4348 547 4430 Bnurrelrweip,
569 4348 626 4410 bot
637 4348 800 4430 peteteret
809 4348 862 4415 Bu
926 4350 1014 4416 adia.
1037 4347 1115 4410 Hol-
1166 4347 1376 4434 ingeniosus,
1397 4367 1457 4413 eru
1481 4347 1566 4426 itus,
1599 4357 1633 4413 et
1653 4347 1740 4413 bene
1767 4345 1854 4437 rexit
1873 4347 2063 4432 imperium:
2085 4347 2150 4414 sed

134 4437 279 4504 metodt
304 4432 499 4520 metropolis
525 4434 739 4522 Burgundios
767 4435 846 4503 olirn
890 4437 946 4502 uit.
990 4433 1117 4502 Postea
1166 4436 1211 4501 ad
1232 4444 1417 4501 exueruum
1446 4445 1500 4499 est
1526 4451 1712 4519 oppressus
1734 4454 1756 4499 a
1781 4432 1925 4520 quodam
1953 4453 1996 4498 ex
2024 4432 2149 4518 capita-

134 4526 320 4615 migrarunt
350 4525 385 4588 ia
407 4522 596 4607 Sequanos,
630 4541 751 4588 versus
772 4519 929 4601 Galliam,
963 4533 997 4588 et
1018 4541 1116 4588 occu·
1159 4521 1239 4587 mais
1266 4520 1392 4587 Phooa.
1446 4514 1506 4585 ille
1537 4519 1660 4586 invasit
1688 4516 2025 4604 Constantinopolim
2058 4519 2150 4606 capit

133 4623 299 4700 paveram
325 4609 425 4677 istum
453 4607 723 4685 amoenissimum
738 4620 893 4678 tractum
924 4608 960 4675 iu
988 4607 1115 4694 Sequa·
1166 4606 1363 4674 Maurieiunr
1383 4603 1633 4690 imperatorem,
1666 4604 1765 4673 eonio
1790 4625 1842 4670 em
1864 4607 1947 4686 eius,
1974 4603 2082 4686 tilios,
2114 4610 2151 4672 e't

134 4700 201 4778 uis,
258 4697 292 4763 ui
325 4694 425 4761 hodie
445 4692 637 4776 Barpurdio
664 4696 793 4763 dicitur.
837 4695 887 4761 lbi
912 4692 973 4762 t'uit
994 4695 1116 4782 prinei·
1167 4690 1266 4772 illias,
1289 4693 1345 4779 qui
1366 4693 1517 4758 memus
1553 4692 1640 4758 Nam
1660 4712 1748 4758 uuus
1807 4692 1954 4763 iuverat
1972 4689 2149 4778 ablegatus

133 4718 837 4938 {Plribllbtt‘rtdlti‘tr
850 4782 1118 4937 llibllrlllii
1167 4776 2149 4952 salutatus,tttd“trt‘⁶”ltttrt“ttt

58 5034 61 5041 ,
133 4890 238 5027 muit‘rl
259 4957 383 5025 mentio
404 4890 440 5021 ii‘r
460 4954 621 5022 historiis.
769 4890 791 4955 p
842 4914 852 4942 '
1166 4963 1258 5032 tare,
1291 4951 1326 5017 iu
1353 4962 1480 5039 quanto
1502 4948 1619 5017 dolore
1639 4952 1793 5018 steterint
1812 4959 1978 5037 parentas.
2021 4949 2150 5043 Postea

165 5078 170 5087 ·
221 5041 317 5109 Tune
339 5044 421 5110 vixit
437 5042 535 5108 etiam
557 5040 787 5129 Dagobertus,
810 5041 873 5128 qui
887 5041 989 5108 etlam
1009 5041 1117 5130 gessit
1166 5034 1546 5107 tiliaatresiutarseataa
1554 5047 1650 5115 suntr
1669 5047 1740 5104 tum
1751 5035 1971 5106 Constantina
1981 5037 2150 5126 arguas,

134 5148 256 5220 magna
285 5124 384 5196 balla.
439 5127 605 5198 Pundavlt
635 5126 1049 5196 manutentorem
1074 5147 1117 5196 art
1165 5125 1455 5215 prestantissima
1478 5134 1651 5206 neuma,-
1678 5121 1730 5192 tbt
1753 5122 1938 5212 imperator
1953 5122 2148 5205 ,mutatur
