4620 5588
150 253 217 323 atr
571 224 579 232 '
662 247 669 252 ·
829 189 1052 316 rosatum
1084 243 1487 317 uauaurnomana
1720 248 1734 257 ·
2104 238 2170 314 :us

151 445 308 512 usitatum
330 453 383 507 εει
404 441 634 525 proverbium:
669 441 913 506 In.Ger1nonta'
936 456 1049 506 careas
1076 437 1137 506 titt
1184 413 1356 517 minimus,
1381 438 1412 502 id
1436 448 1506 517 εει,
1529 448 1582 502 εει
1616 435 1806 502 humiliatus
1840 433 1925 501 inira
1962 456 2078 503 omnes
2111 435 2169 502 ho·

150 532 187 597 in
207 532 316 595 sitots:
336 531 372 594 tn
388 529 526 594 Palania
548 529 590 592 od
610 527 769 610 hospitiis.
1185 526 1300 591 mines.
1345 523 1405 588 Est
1427 524 1459 588 in
1483 545 1557 589 eum
1581 523 1731 588 derivata
1752 543 1873 606 poena,
1897 536 1930 588 et
1948 543 2070 589 sensus
2091 524 2178 609 lirae

238 613 308 679 Gur
329 616 429 701 igitur
451 613 652 678 Laurentius
673 610 789 678 maluit
810 612 907 691 mori,
930 632 1029 698 quant
1053 612 1133 678 dore
1185 611 1249 676 Dei
1288 613 1454 676 adversus
1487 622 1661 696 peccatum
1701 611 1803 675 totius
1873 611 1981 675 eneris
2022 609 2169 675 humani.

150 701 348 790 pecuniam?
370 701 572 785 Respondeo
595 700 640 763 ad
660 698 835 765 Minorem:
858 698 1045 763 Videndum
1069 709 1133 778 εει,
1184 697 1275 762 lacet
1302 708 1380 762 ante
1403 697 1536 762 Patrem
1565 695 1734 762 laceratus
1758 712 1790 762 et
1816 632 1966 782 pogllutus
1996 694 2061 762 illis
2095 716 2169 761 see-

152 789 241 876 quod
275 785 375 852 fucrit
406 789 513 852 minus
554 797 609 851 aut
640 787 747 851 maius
788 782 912 850 malurn
943 784 1133 858 Laurentio,
1184 781 1324 863 laribus,
1347 785 1466 870 quibus
1489 803 1566 870 ego,
1597 795 1644 859 tu,
1674 794 1708 849 et
1736 795 1826 848 totus
1855 785 1998 850 muudus
2022 780 2168 869 pollutus

151 875 288 940 amissio
310 875 410 952 vitae,
431 895 473 938 an
497 873 634 938 amissio
663 873 750 937 lidei.
799 870 862 937 Est
883 871 990 937 minus
1012 869 1134 938 malum
1185 868 1257 936 fuit.
1302 870 1376 936 lloc
1399 891 1465 935 non
1488 870 1550 935 luit
1577 871 1609 935 in
1627 869 1826 948 Laurentio,
1879 873 1910 936 ui
1941 880 2068 935 tantum
2097 867 2170 934 tulit

152 962 233 1026 dere
261 962 453 1045 pecuniam,
490 958 620 1023 scilicet
652 961 836 1045 propriam,
870 979 937 1023 non
973 955 1134 1034 alienam:
1186 969 1355 1023 externam
1383 955 1619 1023 lacerationem
1652 958 1815 1042 corporis.
1840 1005 1854 1019 .
1897 959 2096 1021 azianzenus
2123 958 2169 1020 in-

151 1068 218 1112 non
242 1067 328 1126 eam,
359 1066 444 1132 qnae
467 1056 544 1111 tuae
566 1044 644 1110 fidei
674 1046 903 1111 commendata
931 1056 992 1108 est.
1049 1044 1133 1109 Lau·
1186 1044 1271 1130 quit:
1305 1043 1394 1108 Nihil
1417 1045 1462 1109 ita
1490 1042 1653 1108 exhilarat
1686 1042 1866 1123 homiuem,
1899 1056 1935 1107 ut
1970 1046 2058 1108 bone
2092 1064 2170 1117 cou-

2186 174 2199 206 Ι

152 1136 280 1200 rentius
309 1135 477 1199 amisisset
511 1132 626 1212 iidem,
659 1152 757 1217 quarn
788 1132 931 1197 debebat
960 1128 1134 1197 Ecclesiae
1186 1131 1335 1211 scientia,
1358 1142 1390 1197 ει
1414 1131 1502 1195 bona
1524 1151 1616 1215 spes.
1660 1127 1858 1196 Laurentius
1887 1132 1948 1215 ltpt
1972 1131 2035 1207 do,
2068 1127 2186 1194 habet,

148 1221 184 1286 in
214 1220 356 1304 pecunia
384 1219 537 1302 deposita
570 1219 796 1298 asservando,
825 1219 854 1284 si
883 1217 1031 1283 dedisset
1061 1238 1135 1282 eam
1186 1218 1307 1282 bonam
1331 1218 1583 1296 conscientiam,
1617 1228 1650 1280 et
1682 1237 1777 1302 spem
1815 1218 1903 1282 vitae
1936 1228 2109 1294 aeternae,
2137 1225 2170 1281 ει

151 1306 319 1392 Tyranno.
380 1305 416 1369 Si
449 1301 571 1370 suisset
605 1306 747 1387 pecunia
783 1305 919 1390 propria
953 1303 1133 1381 Laurentii,
1186 1304 1337 1370 obruitur
1376 1324 1498 1369 sensus
1533 1314 1748 1368 externorum
1788 1305 2010 1382 cruciatuum,
2044 1300 2202 1397 laetitia·

151 1403 242 1458 reeta
264 1389 422 1470 fecisset,
457 1391 486 1455 si
520 1390 711 1455 tradidisset
743 1412 815 1455 eam
840 1390 1008 1478 'l‘yrarrno
1064 1389 1134 1455 Sed
1186 1391 1357 1456 interiore:
1380 1389 1476 1456 Siout
1498 1392 1595 1456 etiam
1617 1389 1838 1474 deStephauo
1861 1387 2050 1454 versiculus
2074 1390 2168 1453 dicit:

151 1477 236 1543 fides
261 1478 413 1584 depositi,
442 1488 494 1542 cst
521 1476 735 1543 anteferenda
763 1479 861 1543 vitae.
906 1476 999 1542 Pauo
1024 1497 1134 1542 exem·
1273 1481 1344 1544 Ibat
1363 1498 1463 1544 onan:
1484 1484 1611 1556 anania,
1634 1487 1668 1543 et
1685 1497 1745 1560 epe
1765 1497 1826 1543 aaa
1847 1480 1969 1542 damna
1990 1479 2125 1542 levabat.

151 1561 256 1650 plum:
291 1565 327 1628 bi
349 1565 449 1629 vidua
470 1561 673 1649 paupercula
695 1564 825 1629 habens
849 1561 971 1631 multos
993 1561 1132 1644 liberos,
1187 1561 1245 1628 Sic
1266 1562 1325 1630 illo
1348 1565 1423 1648 ipso
1445 1575 1615 1649 tempore,
1646 1584 1720 1628 cum
1743 1584 1811 1627 una
1832 1584 1874 1628 ex
1897 1565 2024 1628 sanctis
2047 1575 2169 1628 matro-

152 1654 336 1736 depoueret
363 1651 452 1734 apud
479 1647 858 1716 te100ll.etconsul
885 1661 1042 1735 posceret
1058 1672 1079 1715 a
1101 1661 1135 1716 te
1187 1651 1239 1715 nis
1262 1653 1294 1716 in
1322 1671 1461 1716 carcere
1490 1651 1688 1735 parturiens,
1721 1649 1786 1714 iarn
1819 1651 1919 1715 valde
1941 1651 2167 1728 cruciaretur,

152 1738 360 1803 traditionem
397 1738 573 1821 pecuniae:
612 1738 655 1801 ibi
696 1737 807 1823 potius
848 1738 1029 1802 amittenda
1067 1737 1135 1800 vita
1186 1749 1223 1801 ut
1244 1758 1421 1824 puerpera,
1457 1736 1537 1801 dixit
1571 1749 1686 1802 custos
1720 1738 1866 1801 carceris
1890 1737 1933 1800 ad
1956 1757 2043 1800 eam:
2076 1738 2168 1818 Erre,

152 1836 254 1903 esset,
290 1844 389 1908 quam
426 1823 511 1888 fides
547 1823 689 1908 depositi
724 1824 894 1890 violanda:
929 1823 1003 1895 Hoc
1031 1819 1134 1890 multo
1186 1844 1272 1890 nunc
1293 1834 1358 1891 tam
1381 1830 1554 1906 trnpatten:
1576 1843 1612 1889 es
1629 1826 1759 1906 doloris,
1781 1827 1860 1906 quid
1869 1843 1946 1889 cra:
1964 1829 2100 1906 factare
2122 1842 2168 1894 cs,

151 1912 254 1992 magis
277 1910 515 1993 praestandum
548 1907 609 1975 suit
630 1910 662 1973 in
692 1906 827 1995 publico
858 1910 1022 1997 deposito.
1067 1908 1135 1974 De·
1185 1916 1217 1976 at
1247 1914 1293 1977 ad
1318 1912 1511 1994 supplicium
1542 1913 1698 1976 duceris?
1747 1908 1810 1976 Oui
1842 1911 2031 1994 respondit:
2064 1911 2168 1975 Hodie

153 1997 223 2062 buit
254 1997 354 2082 igitur
381 1995 582 2062 Laurentius
617 2008 791 2081 praestare
824 1995 923 2064 fidem
955 1999 988 2062 in
1023 2007 1135 2063 custo·
1183 2005 1292 2081 pattor
1307 2009 1474 2080 ›mrrtqtunn
1500 2003 1623 2063 misero
1650 2001 1766 2064 :auter
1788 2003 1822 2062 tn
1849 2001 1961 2063 dolore
1985 2002 2168 2080 pertinente

153 2083 272 2148 dienda
307 2085 448 2166 pecunia
480 2080 537 2147 illa
560 2079 752 2162 Ecclesiae,
790 2094 956 2170 tamquam
977 2084 1011 2148 in
1035 2084 1135 2168 depo·
1184 2087 1366 2151 arternum
1387 2104 1493 2150 :rreum
1512 2093 1648 2168 propter
1672 2093 1856 2167 peccatum:
1891 2086 1974 2150 Cras
1998 2090 2112 2167 potiar
2132 2088 2171 2146 ut

151 2169 216 2235 sito
224 2190 233 2251 3
256 2171 453 2254 praesertim
486 2191 562 2235 curn
590 2166 657 2236 hoo
682 2171 863 2256 pertineret
895 2171 937 2234 ad
967 2167 1135 2254 publicam
1188 2172 1378 2238 Christiano
1392 2181 1529 2254 propter
1552 2173 1649 2251 fidem
1678 2176 1712 2237 tn
1745 2173 1916 2238 Chrtbtttm.
1961 2168 2053 2233 llaec
2075 2179 2168 2233 tanta

151 2257 387 2322 necessitatem
419 2252 611 2337 Ecclesiae,
649 2266 682 2322 et
721 2278 742 2321 a
766 2267 877 2322 eretur
909 2257 951 2321 de
985 2253 1135 2342 periculo
1185 2259 1283 2323 animi
1306 2257 1497 2342 magnitudo
1520 2258 1597 2322 inde
1619 2254 1697 2332 fuit:
1753 2259 1806 2321 uia
1835 2256 1983 2322 habebat
2011 2275 2104 2339 spem
2134 2263 2168 2319 et

151 2344 256 2409 totius
276 2343 437 2426 corporis.
488 2340 620 2409 Deinde
644 2276 813 2433 postulata
840 2353 892 2408 est
913 2363 934 2407 a
955 2342 1134 2408 Laurentio
1184 2346 1306 2409 bonam
1325 2345 1572 2410 conscientiam.
1606 2342 1710 2408 Filius
1761 2343 1790 2406 ei
1813 2355 1922 2408 autem
1944 2343 2019 2406 ideo
2042 2342 2169 2406 maiora

150 2449 218 2496 non
242 2441 367 2494 tantum
396 2429 530 2492 traditio
586 2429 742 2507 seuniae,
775 2429 836 2493 sed
866 2430 962 2494 etiam
990 2426 1134 2494 delectio
1186 2427 1279 2509 tulit,
1317 2451 1360 2495 ne
1393 2450 1456 2494 nos
1495 2427 1678 2504 ferremus3
1723 2429 1799 2514 quia
1839 2451 1907 2493 non
1941 2430 2167 2514 potuissemus

150 2535 172 2580 a
206 2514 272 2580 fide
308 2515 508 2580 Christiana.
561 2532 564 2537 '
600 2515 734 2601 sltatum
768 2526 821 2579 est
854 2516 939 2581 enim
976 2516 1009 2579 iu
1046 2511 1133 2580 aulis
1185 2518 1361 2581 sustinere.
1419 2514 1649 2602 Laehrymans
1678 2519 1750 2599 ipse
1784 2513 1957 2595 clamavit,
1992 2525 2030 2579 ut
2061 2513 2167 2596 Epist.

149 2613 347 2687 praetexere
382 2598 466 2666 alias
507 2617 672 2686 mussas,
715 2613 752 2667 ut
774 2602 916 2667 dicitur:
956 2605 1055 2668 Aliud
1086 2610 1136 2668 est
1186 2605 1227 2668 ad
1251 2603 1352 2669 llebr.
1386 2604 1506 2689 inquit:
1539 2607 1578 2669 In
1600 2608 1671 2686 ipso
1695 2607 1764 2685 suit
1790 2612 1880 2667 tanta
1900 2607 2000 2682 lucto,
2033 2609 2072 2667 aa
2095 2620 2169 2665 con·

54 2723 67 2742 ·
149 2688 316 2776 πρόφασις,
339 2691 432 2755 oltud
451 2691 557 2753 αἴτιον.
611 2687 739 2754 Sancte
767 2689 862 2767 igitur
891 2700 924 2752 ει
957 2686 1133 2774 praeclare
1183 2693 1366 2771 firmandas
1384 2694 1493 2774 fuerit
1507 2692 1548 2755 ab
1569 2693 1684 2770 attpelo
1700 2692 1742 2754 rte
1763 2693 1858 2755 coelo.
1902 2688 2000 2767 ltem,
2035 2689 2173 2752 Sodnott

149 2771 229 2841 lecit
261 2774 464 2843 Laurentius
497 2775 535 2841 in
563 2785 706 2925 utrague
735 2796 782 2860 re.
838 2774 968 2842 Passus
1001 2785 1064 2855 est,
1097 2784 1133 2839 ut
1185 2784 1384 2860 romulcam.
1429 2775 1523 2842 llaec
1546 2777 1711 2841 sustinere
1733 2795 1802 2840 non
1824 2777 2063 2861 potuissemus.

150 2870 340 2946 praestaret
361 2861 459 2927 iidem
480 2861 515 2927 in
539 2871 635 2937 atsto
660 2862 758 2926 iendo
779 2861 943 2945 deposito,
964 2882 1058 3014 t:prae
1080 2872 1133 2926 est

149 2957 230 3033 pars
252 2948 408 3015 iustitiae.
452 2947 584 3015 Deinde
604 2961 641 3014 ut
663 2947 761 3014 fidem
784 2968 878 3013 suam
908 2950 940 3013 in
994 2947 1132 3013 hristum

152 3032 377 3114 eonfiteretur,
399 3046 433 3100 et
448 3035 641 3103 ostenderet
657 3055 695 3100 se
717 3054 797 3101 vere
809 3034 1032 3100 Christianum
1044 3053 1132 3100 esse.
1528 3109 1536 3125 ι
1616 3109 1624 3126 .

238 3119 843 3208 bloveturautemetaliaquaestio
868 3121 1132 3186 deeiusmorte.
1186 3112 1257 3193 De
1287 3109 1724 3222 appellatlonlbus
1765 3108 2007 3219 graduum
2045 3136 2170 3219 quo·

237 3194 633 3282 LaurentiusWrte
663 3206 724 3273 luit
751 3209 877 3294 ingenti
908 3208 1133 3295 magnitudine
1743 3264 1751 3282 ,
1849 3264 1857 3280 ,

150 3293 266 3370 anama
289 3293 368 3358 aaa
390 3290 645 3374 praetentam
668 3305 833 3380 gustaret,
861 3316 905 3359 an
935 3297 1018 3360 sats
1039 3314 1133 3359 assa-
1306 3265 1516 3349 :undam
1554 3263 2047 3348 Ecclesrastrcorum.

150 3390 205 3444 tus
228 3380 284 3459 sit,
307 3390 345 3443 ut
363 3391 478 3462 posset
499 3381 596 3449 etiam
613 3380 743 3446 obverti
765 3381 833 3466 igni
856 3381 889 3445 in
911 3378 1017 3447 altera
1028 3393 1132 3466 parte.

150 3463 212 3532 llla
232 3476 287 3532 est
303 3467 425 3553 ingens
446 3468 639 3554 magnitudo
662 3468 772 3533 animi.
794 3511 799 3521 ·
821 3468 879 3534 Sic
900 3479 1133 3556 argumentor:
1771 3504 1773 3509 >

286 3585 353 3693 Um:
370 3590 547 3693 &magor
567 3583 746 3695 portando,
777 3588 826 3655 ὦ,
856 3597 906 3655 m
932 3591 1040 3657 mmor
1067 3591 1134 3655 lae·
1274 3552 1367 3618 Ordo
1389 3551 1651 3619 Ecclesiasticus
1680 3552 1797 3619 habuit
1830 3550 1908 3617 olim
1943 3561 2055 3616 certos
2074 3572 2138 3637 qos

280 3676 719 3843 Inngffffglosfflffilgima
736 3759 921 3844 sommo:
1188 3729 1463 3815 congruebanto
1505 3729 1575 3793 ciis.
1614 3727 1688 3793 Hoc
1711 3729 1801 3813 quod
1823 3749 1888 3794 nos
1911 3726 2083 3801 Canonica
2106 3723 2174 3790 ool-

281 3846 371 3953 ΒΨ
402 3849 438 3913 g,
459 3848 592 3954 0σήΐίπο
624 3848 733 3914 debuit
763 3850 870 3914 maior
902 3868 972 3914 ΜΘ
1007 3849 1136 3915 laetitia
1187 3811 1277 3900 legia
1299 3825 1333 3880 et
1355 3813 1559 3882 canonicam
1580 3815 1683 3879 vitam
1704 3834 1878 3893 vocamus,
1897 3812 2032 3880 fuerunt
2055 3824 2173 3878 coetus

322 3952 359 3998 m
379 3936 552 4019 ’ΨΜ
1187 3987 1400 4068 Antiochiae,
1423 3988 1648 4055 Alexandriae
1674 3997 1709 4052 et
1732 3984 2035 4073 Constantinopoli.
2078 3984 2173 4052 'falia

239 4069 309 4136 Gur
336 4071 436 4157 igitur
458 4070 614 4139 Christus
639 4073 758 4159 inquit:
795 4074 915 4138 Animo
939 4093 1012 4138 meu
1032 4075 1140 4139 trt‘stis
1189 4076 1286 4140 etiam
1327 4076 1361 4139 in
1401 4073 1580 4142 Germania
1628 4071 1773 4160 collegia
1809 4073 2053 4140 canonicorum
2094 4074 2174 4140 oliut

153 4164 323 4263 :simque
344 4159 390 4224 cd
411 4159 567 4224 tamtan?
609 4159 708 4240 ltem,
738 4159 888 4253 Cbrtstcs
910 4161 1043 4226 sudauit
1063 4180 1138 4226 son·
1188 4158 1331 4267 fuerunt.
1376 4161 1456 4229 Otto
1478 4163 1660 4268 secundus,
1679 4160 1827 4263 ‘Ottonis
1849 4163 1945 4312 primi
1964 4159 2058 4266 ‘filius
2080 4160 2173 4266 insti·

151 4264 286 4329 paznern.
405 4279 407 4284 ·
1189 4258 1243 4313 εει
1285 4270 1319 4313 m
1362 4246 1518 4314 Ecclesia
1560 4245 1764 4314 Hildesrana.
1867 4270 1888 4313 n
1921 4250 1993 4313 istis
2043 4245 2173 4313 scholas

238 4329 444 4414 Respondeo
467 4330 510 4395 ad
527 4328 706 4398 Maiorem:
744 4330 810 4398 Ubi
838 4342 893 4399 est
920 4333 1026 4399 maior
1048 4329 1140 4399 forti-
1188 4335 1282 4420 pueri
1315 4348 1393 4401 sunt
1425 4336 1593 4415 instituti,
1642 4336 1785 4415 eruditi,
1829 4347 1863 4399 et
1906 4333 2089 4401 assuefacti
2129 4335 2174 4399 ad

154 4408 255 4495 tudo',
289 4418 334 4482 ibi
365 4427 418 4482 est
447 4417 555 4482 maior
576 4414 703 4483 laetitia
731 4419 765 4483 in
788 4416 974 4505 supplicio:
1010 4417 1141 4486 seilicet
1190 4420 1349 4487 exercitia
1375 4423 1525 4508 pietatis,
1553 4432 1590 4488 ut
1612 4423 1829 4488 convenirent
1857 4422 1899 4486 ad
1929 4424 2175 4506 precationem:
2244 4450 2248 4455 ·

154 4504 297 4568 caeteris
334 4504 505 4590 paribuS,
542 4504 675 4584 idest,
715 4505 745 4569 si
787 4506 882 4591 paria
914 4517 948 4573 ει
987 4504 1141 4592 aequalia
1190 4519 1226 4574 ut
1253 4508 1318 4572 iam
1349 4520 1428 4575 sunt
1455 4505 1594 4574 scholae
1627 4507 1828 4590 Misneusis,
1866 4507 2102 4589 Grimmensis,
2140 4519 2174 4573 et

153 4583 312 4654 serantur.
1190 4593 1374 4676 Portensis,
1408 4597 1441 4661 in
1468 4595 1522 4662 his
1558 4595 1765 4684 regionibus.
1829 4594 1922 4661 Talis
1960 4592 2023 4661 suit
2055 4590 2175 4660 schola

53 4749 57 4755 .
240 4675 294 4740 Ad
329 4673 508 4741 Minorem:
546 4675 742 4742 lucarano
765 4674 833 4759 fuit
866 4681 1011 4745 maximo
1039 4676 1140 4761 forti·
1191 4678 1303 4747 Caroli
1326 4680 1458 4767 blagui,
1494 4684 1548 4769 qui
1577 4704 1645 4749 non
1668 4680 1786 4767 procul
1808 4703 1829 4747 a
1852 4682 1982 4748 Lutetia
2010 4693 2063 4745 est
2084 4683 2174 4746 insti-

154 4761 242 4827 tudo.
299 4758 426 4827 Vemm
459 4773 529 4842 est,
567 4764 627 4828 sed
662 4764 735 4847 ipse
769 4767 897 4831 maiora
929 4766 1013 4831 tulit.
1071 4766 1140 4833 lmo
1190 4779 1290 4833 tutus.
1332 4767 1436 4855 lgitur
1458 4767 1520 4835 luit
1541 4771 1701 4836 eruditus.
1734 4768 1854 4835 Latine
1876 4771 1974 4834 etiam
1997 4765 2175 4854 eloquens:

152 4855 243 4998 guae
274 4844 349 4913 tulit
385 4847 559 4929 Christus,
594 4847 688 4917 nullo
721 4851 820 4916 modo
855 4855 1021 4937 potuisset
1053 4849 1141 4919 t'erre
1192 4853 1323 4919 Graece
1343 4857 1387 4920 ita
1412 4858 1548 4938 doctus,
1581 4868 1619 4924 ut
1644 4856 1779 4942 legatos
1802 4855 1954 4922 Graecos
1977 4856 2118 4936 audiret,
2143 4866 2176 4923 ει

71 4988 76 4993 .
183 4934 368 4999 amentius.
411 4933 546 5001 Fuisset
569 4939 676 5002 maior
696 4934 822 5002 laetitia
844 4937 980 5019 Christi,
1012 4941 1041 5004 si
1058 4939 1140 5005 nihil
1191 4939 1377 5028 intelligere
1399 4955 1529 5030 posset,
1551 4944 1680 5009 etiamsi
1702 4945 1775 5028 ipse
1796 4964 1864 5010 non
1887 4942 2119 5047 responderet.

153 5031 329 5170 greaterea
365 5018 517 5100 tulisset,
561 5043 661 5108 quam
700 5045 785 5111 quae
818 5025 1018 5091 Laurentius
1057 5024 1141 5091 tulit.
1278 5032 1446 5097 Acotatltos
1468 5030 1634 5116 significat
1648 5034 1754 5098 Etnen
1770 5033 1893 5112 dieser,
1915 5032 1976 5096 der
1997 5034 2063 5111 aas
2079 5049 2175 5096 canen

186 5106 313 5186 hristus
334 5105 408 5192 lpse
434 5109 468 5173 in
492 5109 555 5174 uit:
589 5109 747 5176 Minimus
773 5114 808 5174 in
838 5131 940 5198 regno
968 5114 1142 5193 welorwa,
1192 5124 1316 5189 worm,
1338 5128 1543 5184 assectator:
1566 5120 1622 5185 Ale
1643 5138 1738 5183 werin
1760 5121 1812 5183 tltr
1838 5123 1934 5183 einen
1955 5119 2070 5182 dener
2090 5120 2176 5199 habt,

154 5200 206 5258 ert
224 5193 332 5258 maior
353 5200 426 5260 toto.
461 5128 517 5261 tlt
545 5195 588 5260 de
627 5215 666 5262 se
699 5195 856 5284 loquitur.
912 5196 1070 5269 Christus
1091 5212 1145 5266 est
1191 5205 1254 5269 der
1274 5209 1342 5289 aas
1357 5207 1438 5272 euclt
1455 5214 1588 5284 ωανιει,
1619 5204 1689 5271 und
1716 5209 1822 5289 soloce
1839 5206 1937 5288 aab,
1961 5223 2012 5270 :oo
2043 5204 2097 5269 tltr
2117 5206 2177 5271 ltu:

1187 3639 1263 3705 datu
1285 3640 1429 3728 gradus,
1464 3641 1520 3794 gpi
1550 3660 1617 3708 non
1651 3651 1747 3706 erant
1778 3641 1890 3707 inania
1913 3640 2066 3718 nomina,
2098 3637 2174 3704 sed·
2283 3667 2293 3692 s

1188 3901 1378 3967 docentium
1406 3913 1441 3967 ει
1473 3904 1681 3968 discentium.
1736 3898 1837 3965 Tales
1870 3898 2009 3966 scholae
2040 3897 2187 3965 fuerunt
