4620 5588
175 162 254 275 ‘in
824 202 1560 303 rmnnunscmrmnxuonncn
2127 206 2210 277 usa

241 398 288 463 vit
327 393 498 463 mulierem
530 397 705 464 obsessam
735 419 757 465 a
783 393 948 479 Diabolo,
979 416 1066 484 quac
1099 406 1172 465 erat
1310 394 1516 479 Biceplcmlc
1537 395 1668 477 dicitur,
1691 396 1822 481 αβλᾶξ,
1842 395 1955 480 iliande
1985 395 2020 461 id
2042 407 2104 476 est,
2137 380 2209 463 stu·

195 418 316 573 igfluara
338 483 484 549 omnium
511 478 692 564 literarum,
725 485 800 571 quis
821 498 914 550 esset
935 486 1079 569 optimus
1100 504 1170 551 ver·
1223 483 1343 571 pidus,
1372 502 1495 570 graece
1512 486 1697 568 βλαςφημία,
1728 484 1846 561 idest,
1868 479 2097 559 maledictum
2128 479 2209 549 huic

197 588 258 639 sus
279 571 313 636 in
333 567 487 657 Virgilio.
541 567 729 657 Respondit
760 570 927 638 Diabolus
960 591 1020 655 per
1047 570 1171 657 ipsamt
1224 569 1427 636 contrarium
1448 581 1500 634 est
1518 581 1551 635 et
1567 570 1756 654 oppositum
1777 566 1907 653 εὐφημία
1927 575 2002 650 puts
2022 569 2120 631 reden
2140 568 2210 631 used

323 689 454 757 Mt
474 697 628 757 “etms''
649 698 763 758 'tm‘
777 701 812 758 ‘t
825 710 891 758 m
907 700 1052 758 ‘m‘
1071 695 1171 759 Μ’·
1223 652 1764 809 ‘⁰⁸”‘iismii¹it,i⁹td¹“t‘”
1785 651 1919 806 isti
1936 655 2210 809 insidiati

277 823 443 893 Dilierunt
464 845 573 893 autern
593 826 729 895 Diaboli
751 826 912 897 nriracula
932 830 976 894 ab
999 825 1172 894 Ecclesiae
1225 828 1432 907 convicium,
1465 828 1519 894 ein
1546 766 1746 909 romaricirtss
1768 761 1835 894 quii
1865 763 1961 895 eain
1998 830 2083 895 micd
2115 835 2209 895 einer

190 910 357 981 miraculis
378 911 561 1001 tripliciter.
1223 923 1319 982 etnen
1340 920 1395 981 etet
1416 919 1484 981 ecel
1504 918 1611 996 redut,
1642 935 1680 982 so
1701 917 1746 980 ist
1765 918 1831 979 mh
1858 915 1999 980 villetam
2017 934 2056 981 to
2072 934 2138 997 cnr
2153 935 2208 981 on·

277 997 302 1064 l.
325 997 416 1065 Vero
446 996 605 1066 miracula
629 1014 817 1089 congruunt
853 1022 926 1067 cum
960 1001 1065 1066 verbo
1093 998 1170 1079 Dei,
1223 1004 1317 1068 recltt
1335 1003 1424 1067 aad!
1444 1004 1634 1082 nesciebant
1687 1004 1862 1084 βλαςφημία
1894 998 2062 1086 significat
2093 1000 2207 1065 coriti·

176 1087 285 1175 -quod
307 1088 404 1151 nobis
438 1087 537 1152 debet
558 1106 635 1152 esse
667 1108 771 1172 supra
802 1085 973 1155 miracula.
1029 1086 1172 1160 Quando
1225 1088 1320 1153 cium.
1377 1088 1435 1154 Sic
1464 1087 1599 1173 quidam
1627 1088 1786 1152 invocant
1817 1082 1927 1150 Deum
1960 1086 2003 1150 ad
2037 1098 2207 1152 contante

173 1173 284 1259 jenim
304 1168 467 1238 habemns
500 1193 541 1239 es
567 1192 696 1239 ressum
721 1176 873 1251 verbum,
906 1184 976 1241 tum
1008 1175 1107 1239 nobis
1130 1173 1174 1237 sit
1224 1170 1313 1252 liam,
1332 1193 1408 1238 cnm
1429 1173 1560 1239 dieuntt
1593 1174 1664 1239 Dat
1695 1176 1770 1239 dtelt
1805 1175 1880 1239 nott
1899 1175 2051 1251 cedenda,
2084 1174 2119 1237 id
2141 1185 2207 1250 est,

194 1277 298 1345 supra
321 1255 498 1334 mit'arnla3
547 1255 724 1325 talebuntis
758 1259 916 1325 divinatio
948 1280 1016 1325 non
1043 1257 1173 1350 suit-di·
1226 1259 1339 1328 dicunt
1360 1256 1469 1324 Deum
1501 1279 1580 1324 esse
1613 1260 1781 1344 stupidum
1802 1269 1837 1323 et
1859 1254 1995 1323 fatuum.
2039 1257 2135 1323 llaec
2156 1267 2209 1323 cst

195 1344 285 1427 vina,
308 1346 362 1430 qui
390 1343 463 1429 ipse
484 1345 620 1411 iubebat
652 1346 721 1411 ficri
756 1346 975 1414 mactationes
1009 1345 1173 1411 hominem
1225 1343 1426 1411 contmnelia
1457 1363 1587 1410 summa
1619 1346 1785 1411 adversus
1819 1342 1930 1408 Deum
1964 1355 1997 1408 et
2027 1355 2209 1429 peccatum

47 1435 58 1454 ‘
173 1430 238 1498 'ed
270 1430 439 1510 victimas,
475 1433 565 1519 quod
598 1442 650 1497 est
681 1444 855 1518 peecatum
888 1444 1006 1500 contra
1034 1433 1173 1519 primum
1225 1429 1462 1510 irremissibile,
1492 1451 1559 1516 quo
1584 1429 1679 1496 Dens
1713 1429 1858 1496 allicitur
1877 1431 2060 1495 a-sciente.
2111 1430 2209 1496 Sicut

189 1527 413 1604 praeceptum.
1224 1517 1403 1584 Pharisaei
1424 1517 1536 1584 vident
1557 1519 1748 1583 continuata
1769 1512 1931 1582 miracula
1953 1514 2090 1594 Christi,
2119 1536 2208 1601 quac

281 1600 318 1666 ll.
354 1598 534 1669 Diabolica
568 1601 728 1670 miracula
764 1614 852 1683 sunt,
886 1625 971 1692 quae
1006 1600 1172 1670 Diabolus
1225 1604 1427 1671 corrveniunt
1449 1624 1524 1669 cum
1547 1604 1742 1689 scripturis,
1776 1613 1885 1669 tumen
1919 1602 1996 1687 quia
2029 1622 2097 1668 uon
2126 1613 2209 1668 sunt

193 1707 273 1755 vere
305 1698 417 1774 potest
450 1689 585 1770 imitari,
620 1691 708 1757 sicut
730 1688 894 1756 Diabolus
927 1702 1039 1777 potest
1068 1692 1173 1756 disse·
1195 1664 1202 1721 Ι
1224 1688 1315 1768 talia,
1338 1687 1449 1776 qualia
1470 1690 1534 1774 ipsi
1558 1690 1735 1769 somniant,
1767 1688 1843 1753 ideo
1876 1688 2020 1755 oderunt
2052 1709 2146 1767 eum,
2176 1697 2211 1754 et

156 1808 164 1829 ι
195 1792 274 1859 care
296 1787 418 1852 cotem,
440 1773 597 1843 Ecclesia
624 1790 736 1843 autem
763 1775 864 1843 habet
885 1776 1046 1844 miracula
1072 1777 1173 1842 inimi·
1195 1726 1201 1835 i
1224 1772 1378 1842 volentes
1417 1787 1452 1842 et
1487 1777 1632 1842 scientes
1666 1786 1911 1862 persequuntur
1955 1794 2039 1842 eum.
2104 1770 2208 1841 Tales

194 1859 318 1927 tabilia·
380 1862 598 1949 Omnipotens
630 1877 787 1929 aeternus
820 1876 914 1949 pater
948 1860 1102 1949 patefecit
1133 1882 1173 1928 se
1224 1864 1323 1928 etiam
1345 1873 1422 1927 snut
1443 1860 1638 1948 Epicuraei,
1670 1862 1728 1948 qui
1752 1863 1826 1947 ipsa
1847 1881 1957 1926 rerum
1980 1870 2099 1926 natura
2120 1858 2210 1926 rcl'u·

192 1947 352 2011 missione
374 1944 442 2026 lilii,
475 1945 606 2014 etfacit
627 1947 788 2015 miracula
808 1947 1026 2024 inimitabilia,
1058 1960 1096 2017 ut
1117 1968 1173 2013 re-
1224 1960 1352 2031 tantor,
1384 1961 1494 2014 tamen
1529 1948 1674 2015 clamant
1695 1947 1805 2012 Deum
1838 1967 1917 2013 csse
1948 1946 2048 2031 βλᾶκα
2069 1959 2104 2011 et
2125 1945 2210 2013 nihil

193 2033 444 2099 suscitationem
477 2046 697 2114 mortuorum,
732 2056 818 2122 quac
850 2055 917 2103 nou
943 2047 995 2102 est
1021 2036 1055 2100 in
1085 2044 1174 2120 pote·
1225 2034 1393 2138 quiddam,
1425 2054 1512 2122 qnae
1533 2054 1614 2100 vere
1635 2045 1713 2099 sunt
1736 2044 1876 2118 precenta
1895 2046 2012 2098 conns
2034 2035 2211 2100 conscien-

173 2129 280 2184 ·stato
300 2117 446 2185 Diaboli.
502 2120 562 2185 Sic
584 2140 648 2186 neo
704 2131 792 2186 otest
812 2122 934 2187 sistere
955 2118 1075 2201 solem,
1110 2139 1174 2187 nec
1224 2129 1315 2185 tram.
1368 2119 1563 2187 illaudatum
1595 2132 1647 2185 est
1667 2116 1876 2196 universale,
1907 2130 1944 2182 ut
1974 2120 2156 2185 credamus
2176 2121 2210 2185 in

192 2224 291 2270 anum
314 2203 462 2271 sterilem
484 2206 655 2293 gravidam
678 2143 801 2274 Deera.
846 2207 882 2273 ln
905 2228 1051 2281 summu,
1104 2209 1173 2273 uic·
1226 2204 1342 2285 lilium,
1362 2218 1501 2293 proptor
1533 2227 1632 2293 quem
1664 2206 1762 2271 etiarn
1795 2203 1934 2269 offertur
1955 2205 2108 2269 remissio
2132 2224 2210 2291 pec

192 2290 270 2377 quid
294 2303 347 2357 est
369 2292 507 2373 creatio,
528 2288 694 2358 Diabolus
713 2314 780 2359 non
799 2303 912 2378 potest
932 2290 1054 2360 lacere.
1119 2314 1175 2358 um
1225 2305 1377 2358 catorum
1405 2292 1524 2378 gratis.
1569 2290 1802 2358 Sustentcmus
1836 2310 1901 2356 nos
1935 2292 2039 2356 verbo
2059 2289 2143 2371 Dei,
2177 2303 2211 2357 et

192 2376 295 2482 igitur
310 2374 465 2445 Ecclesia
482 2376 604 2445 habeat
619 2380 806 2445 testimonia
823 2377 1039 2461 inimitabilia,
1061 2397 1174 2446 assen-
1226 2380 1394 2466 erigamus
1412 2397 1476 2443 nos
1487 2377 1554 2444 hac
1565 2377 1814 2444 consolatione:
1845 2380 1951 2444 Venite
1967 2380 2210 2458 odmeomnee,

192 2472 312 2529 namur
334 2466 451 2545 verbo,
496 2466 564 2531 uod
586 2464 697 2531 aDeo
721 2464 874 2531 traditum
897 2476 960 2533 est.
1225 2472 1282 2549 put
1307 2468 1463 2532 maroth
1494 2474 1529 2531 et
1558 2470 1687 2532 annuet
1716 2469 1806 2542 estis,
1834 2483 1893 2545 epo
1923 2482 1981 2529 noe
2010 2461 2211 2544 refocilatio

277 2484 519 2620 dimissoriis
551 2550 586 2615 in
617 2548 774 2617 Ecclesia
805 2547 970 2642 repeliunt
999 2550 1175 2618 Diabolum
1226 2552 1322 2619 lianc
1345 2550 1609 2617 consolationem
1631 2553 1791 2629 sciamus,
1812 2568 1877 2615 nec
1899 2549 2098 2635 cogitemus,
2119 2551 2213 2636 quod

192 2647 448 2723 repugnantem,
469 2633 636 2703 nolentem
658 2650 692 2704 et
714 2638 862 2705 inuitum.
899 2636 954 2705 De
975 2635 1043 2705 hoc
1066 2638 1176 2724 dispu·
1200 2654 1205 2747 Ι
1226 2638 1271 2705 sit
1303 2647 1478 2724 peccatum
1509 2657 1634 2723 suprac
1666 2638 1807 2723 gratiam
1840 2634 1900 2700 lilii
1920 2633 2005 2716 Dei,
2042 2656 2107 2723 pro
2141 2657 2211 2723 quo

171 2730 242 2805 ¹tut
261 2721 328 2786 hoc
349 2721 428 2789 loco
452 2724 605 2790 Christus
634 2724 769 2790 dicens:
795 2727 865 2808 Epo
893 2726 985 2793 eiicio
1006 2725 1177 2792 Diadoltnn
1200 2752 1203 2795 :
1227 2722 1316 2791 lilius
1339 2724 1406 2791 Dei
1424 2745 1490 2789 uon
1503 2743 1629 2808 passus
1651 2726 1707 2803 sit,
1728 2743 1796 2788 nou
1820 2722 2040 2788 diminuamus
2056 2722 2213 2791 rnerituin

186 2812 345 2876 'mallones
376 2831 455 2893 erno
475 2831 541 2878 non
560 2831 623 2896 per
643 2812 750 2897 ipsum
771 2815 941 2879 Diabolum
969 2813 1069 2879 einen
1111 2808 1176 2877 Ra·
1200 2804 1396 2900 {passionis
1418 2808 1560 2890 Christi,
1593 2811 1655 2876 sed
1686 2810 1854 2897 erigamur
1875 2811 1941 2876 hac
1963 2807 2212 2893 consolatione,

172 2893 239 2959 'tio
263 2908 331 2963 est:
361 2899 438 2982 quia
469 2916 611 2985 regnum
643 2897 731 2964 inter
759 2916 799 2964 se
821 2898 964 2965 ditham
987 2895 1175 2964 collabitur.
1200 2896 1204 2945 Ι
1226 2910 1261 2964 et
1286 2895 1386 2964 simul
1419 2916 1552 2963 oremus
1574 2895 1700 2977 Deum,
1731 2908 1769 2965 ut
1800 2898 1875 2984 ipse
1908 2897 2073 2963 accendat
2105 2896 2212 2963 corda

191 2976 288 3047 Haec
310 2981 351 3047 de
373 2982 564 3049 differentiis
597 2980 845 3065 miraculorum,
877 3004 965 3072 quae
991 2986 1067 3050 ideo
1088 2985 1177 3050 bene
1199 2969 1204 3039 i
1226 2996 1362 3064 nostra,
1394 2995 1427 3049 et
1458 2993 1625 3050 sustentet
1652 3002 1716 3051 nos
1748 2986 1855 3049 verbo
1878 2995 1911 3048 et
1932 2982 2057 3067 Spiritu
2079 2992 2210 3049 sancto.

171 3067 442 3155 ‚consideranda
462 3081 552 3148 sunt,
576 3070 653 3155 qnia
675 3083 754 3136 sunt
776 3071 875 3136 etium
895 3067 1000 3137 multa
1016 3065 1177 3136 miracula
1199 3044 1203 3124 l
1226 3068 1320 3135 llaec
1351 3089 1419 3134 non
1447 3068 1531 3135 liunt
1547 3069 1700 3136 humanis
1722 3070 1868 3148 viribus,
1902 3070 1963 3134 sed
1986 3067 2111 3154 Spiritu
2129 3088 2205 3133 san·

171 3154 286 3241 ‘apud
308 3152 483 3235 Ethnicos,
505 3176 591 3239 quae
613 3176 694 3222 vere
712 3167 791 3221 sunt
812 3152 987 3221 diabolica.
1032 3154 1177 3229 Quando
1227 3167 1283 3223 cto
1313 3155 1508 3236 adiuvante,
1554 3156 1649 3222 iuxta
1681 3153 1781 3221 illud:
1817 3157 1941 3233 Onnnlo
1973 3163 2081 3237 monia
2112 3159 2207 3240 poter

193 3240 279 3305 enim
301 3239 463 3308 miracula
483 3252 635 3328 pugnant
658 3262 733 3308 cum
749 3237 926 3308 manifesto
948 3237 1062 3329 aliquo
1083 3260 1176 3306 man·
1225 3249 1333 3309 cester
1353 3246 1501 3310 menreb
1521 3245 1611 3310 dcdtt
1632 3246 1790 3329 spectum
1812 3250 1961 3309 sanetum
1981 3242 2132 3309 omnibns
2153 3258 2209 3326 pe·

193 3324 273 3393 dato
296 3324 380 3406 Dei,
412 3339 447 3393 et
477 3329 634 3396 mandant
660 3329 878 3414 impietatem,
909 3328 997 3395 sicut
1026 3324 1174 3395 Calchas
1224 3332 1375 3397 amum.
1429 3329 1665 3416 Agnoscamus
1699 3340 1847 3394 nostram
1892 3327 2138 3407 infirmitatem,
2178 3337 2212 3393 et

170 3408 285 3493 ‚lubet
315 3425 464 3479 mactare
494 3412 627 3482 hostias
658 3416 839 3495 humanas,
871 3424 942 3480 tum
983 3434 1064 3480 vere
1095 3426 1180 3480 sunt·
1247 3427 1378 3481 staurus
1410 3435 1474 3481 nos
1508 3417 1592 3504 erigi
1625 3427 1659 3482 et
1688 3415 1816 3493 iuvari,
1846 3414 1938 3480 idxta
1959 3411 2060 3483 iliud:
2096 3415 2212 3496 Crede,

192 3495 370 3565 diabolica.
430 3498 503 3567 Nos
536 3502 713 3568 credamus
746 3503 851 3567 verbo
883 3499 966 3582 Dei,
1001 3513 1036 3568 ct
1066 3502 1101 3566 in
1130 3519 1173 3567 co
1222 3437 1373 3584 hocne,
1393 3505 1456 3569 ted
1473 3521 1567 3587 opem
1583 3508 1644 3587 fer
1663 3503 1868 3585 ddft'demthe
1887 3520 1989 3570 meae.

192 3584 458 3672 acquiescamus,
480 3587 572 3674 quod
589 3598 642 3656 est
662 3588 696 3653 in
713 3584 869 3656 sedata
889 3587 1056 3656 traditum.
