4620 5588
177 179 241 289 sos
370 141 400 246 f
702 118 719 134 ’
861 177 1084 248 rosanus
1100 177 1539 251 nmuamaonrann
1693 155 1695 159 '
2046 130 2048 137 Χ
2128 153 2200 259 aio

175 369 321 458 politiam
343 368 539 451 Mosaicam,
561 372 592 437 si
612 372 791 436 mansisset
801 368 1038 456 Hierosolyma
1059 369 1092 433 in
1116 387 1157 433 eo
1179 368 1184 383 ⁴
1208 388 1270 453 per
1286 383 1409 436 nocent
1430 369 1604 457 plurimum
1637 372 1736 437 etiam
1768 368 1847 451 illis,
1880 373 1935 458 qui
1967 385 2045 438 sunt
2077 391 2193 459 super·

176 470 276 537 statu,
299 478 365 543 quo
387 457 449 524 luit
471 469 619 544 tempore
641 455 893 541 Apostolorum,
924 469 1003 523 tnnc
1025 475 1158 546 semper
1209 457 1315 522 stites.
1360 462 1515 525 Bastuli
1536 461 1805 540 ttroeoemoea,
1832 462 1901 525 uati
1928 459 2194 527 marsosum

175 540 295 610 suisset
326 542 385 610 illa
412 546 542 629 opinio,
583 545 626 610 ibi
668 563 746 610 esse
766 543 881 608 sedem
904 541 1091 621 Ecclesiae,
1124 553 1158 607 et
1208 546 1277 609 uoti
1293 545 1387 610 wilde
1403 551 1482 611 seio.
1683 546 1687 550 ’
2030 585 2041 595 -

176 628 254 695 illos
277 632 361 697 ritus
379 632 613 715 suscipiendos
637 641 677 696 et
701 631 889 696 servandos
923 649 1013 709 esse,
1047 639 1080 694 et
1112 630 1157 695 ibi
1294 629 1384 696 Ante
1421 652 1529 696 annos
1562 630 1606 696 30
1638 628 1771 697 luerunt
1809 629 1985 697 multarum
2019 632 2193 718 regionum

175 718 373 784 manendum
396 737 484 799 esse,
518 729 554 784 ut
584 718 676 785 initio
704 714 804 783 valde
836 713 941 782 multa
975 717 1157 782 certamina
1208 736 1350 802 magnae
1384 720 1587 784 vastationes
1620 719 1652 782 in
1687 715 1791 784 ltalia.
1845 716 1912 783 lam
1953 718 2015 784 iste
2054 720 2192 785 insanus

113 853 116 857 .
175 802 308 870 fueruat
329 806 371 870 de
391 805 490 872 haco
516 805 636 870 inione.
670 801 794 869 Paulus
817 813 936 868 contra
951 804 1156 889 pseudopro·
1208 802 1301 887 Papa
1324 803 1427 870 lulius
1455 806 1573 871 tertius
1603 805 1720 871 iterum
1749 805 1874 870 invenit
1897 801 2032 883 bellum,
2056 816 2089 870 et
2109 802 2194 870 Tur·

175 887 294 977 phetas
317 892 475 978 disputat,
493 826 714 979 livangelium
738 909 814 956 esse
836 887 1077 956 inchoationem
1100 908 1157 954 ae·
1209 909 1270 954 cos
1297 892 1331 955 in
1354 887 1480 957 ltaliam
1513 890 1711 970 introduxit,
1744 893 1815 976 qui·
1834 893 2028 956 invaserunt
2060 903 2194 977 portum

175 990 290 1044 ternae
313 978 492 1057 iustititiae,
515 975 613 1056 lueis,
636 978 836 1062 sapientiam
858 996 925 1040 non
947 994 1024 1041 esse
1041 977 1157 1041 obser·
1208 973 1382 1054 Herculis;
1417 990 1466 1057 et,
1500 979 1565 1044 nisi
1592 998 1613 1043 a
1640 977 1759 1064 paucis
1793 975 1951 1043 militibus
1985 975 2193 1045 Gemranieis

174 1062 546 1135 vationemludaieam:
570 1063 993 1148 monasteriumque.
1209 1059 1368 1130 defensus
1404 1060 1533 1143 suisset,
1567 1075 1794 1149 occupassent
1815 1062 1915 1129 'larci
1943 1084 2035 1141 eum,
2068 1076 2101 1129 et
2133 1085 2194 1150 po·

260 1146 414 1236 Denique
436 1147 644 1216 voluitDeus
666 1150 924 1217 destructionem
947 1149 1058 1229 istam,
1080 1167 1158 1215 esse
1209 1150 1350 1215 tuissent
1378 1162 1480 1216 totam
1504 1148 1631 1215 ltaliam
1658 1149 1806 1237 spoliare
1833 1161 1867 1216 et
1889 1149 2110 1216 Germaniam.
2155 1149 2193 1216 ln

175 1255 269 1301 exem
294 1233 362 1302 lum
385 1237 538 1303 omnibus
562 1236 717 1323 gentibus
739 1239 781 1302 de
803 1233 914 1302 laturo
942 1236 1064 1301 iudicio
1086 1235 1156 1301 uni·
1209 1234 1388 1305 Germania
1410 1233 1517 1325 qualis
1540 1237 1584 1303 sit
1605 1247 1733 1317 status,
1763 1236 1891 1303 videtis.
1935 1235 2093 1324 Papistae
2115 1247 2193 1302 sunt

175 1257 313 1401 versali,
337 1333 370 1389 et
391 1321 467 1388 aliis
497 1324 626 1408 poenis.
687 1323 732 1390 Ut
766 1317 1076 1408 Constantinopolis
1104 1331 1157 1388 est
1209 1323 1386 1404 coniuncti,
1419 1335 1452 1391 et
1486 1321 1629 1390 libenter
1650 1344 1714 1390 nos
1738 1322 1971 1409 opprimerent.
2021 1323 2111 1389 luter
2128 1344 2192 1390 nos

175 1406 361 1495 exemplum
390 1411 449 1475 toti
471 1407 593 1487 Asiam
627 1410 677 1476 sic
708 1408 910 1476 Alexandria
942 1409 976 1473 in
999 1408 1156 1496 Aegypto
1208 1419 1366 1496 quantum
1388 1422 1442 1475 est
1464 1410 1687 1491 dissidiorum,
1709 1422 1744 1476 et
1765 1408 1976 1477 virulentiae!
2027 1409 2192 1496 Exiguam

173 1493 289 1560 habuit
320 1493 551 1580 pulcerrimum
592 1508 625 1561 et
659 1496 914 1563 eruditissimam
946 1490 1155 1560 Ecclesiam:
1207 1506 1271 1575 est,
1294 1497 1385 1582 quod
1408 1494 1583 1575 cohaeret3
1606 1499 1683 1585 quia
1705 1507 1837 1583 oportet
1860 1496 2004 1583 aliquam
2028 1517 2105 1562 esse
2127 1495 2192 1562 Ec·

173 1581 237 1646 lant
266 1582 352 1647 istae
387 1584 487 1647 urbes
524 1593 602 1648 sunt
635 1579 769 1648 stabula
799 1603 903 1648 saeva
933 1582 1156 1666 pessimorum
1208 1579 1362 1648 alesiam:
1399 1594 1517 1649 eontra
1548 1603 1630 1663 varo
1664 1584 1761 1650 nimis
1793 1579 1931 1650 mttltam
1966 1593 2019 1649 est
2051 1583 2192 1670 dissipa·

172 1666 353 1733 hominnm.
404 1665 486 1733 Vult
512 1666 606 1734 Deus
635 1689 698 1734 nos
722 1669 891 1757 cogitare,
923 1665 1046 1733 nullam
1074 1663 1157 1752 poli·
1207 1670 1341 1737 tionum.
2255 1667 2259 1675 ’

174 1755 252 1818 tiam
275 1773 353 1820 esse
370 1764 548 1819 aeternam.
583 1752 875 1844 Virgiliusinquit:
896 1754 1065 1838 Imperium
1086 1756 1157 1819 aina
1295 1754 1437 1829 Quidam
1460 1768 1578 1842 patant
1600 1757 1753 1822 virtutem
1785 1777 1882 1836 esse,
1908 1752 2023 1822 iacere
2046 1756 2191 1821 maiores

169 1841 231 1920 fine
252 1840 355 1905 dedit:
379 1843 422 1906 de
444 1840 615 1907 Romanis.
660 1843 728 1909 Sed
752 1841 820 1907 hoc
840 1841 949 1927 ipsum
973 1842 1157 1907 Romanum
1206 1843 1319 1908 ruinas
1347 1844 1381 1908 in
1403 1840 1573 1909 Ecclesiae
1606 1842 1711 1908 Erant
1744 1844 1906 1930 quaedam
1929 1863 1950 1907 a
1972 1842 2193 1928 prudentiori·

94 1958 117 1981 κ
173 1924 349 2054 imperium
372 1927 514 2017 iamdiu
537 1925 753 1995 dilaceratum
777 1939 840 2008 est,
863 1928 1050 2015 etquidem
1073 1924 1157 1994 mul·
1208 1931 1270 1996 bus
1304 1940 1338 1994 et
1377 1928 1582 2000 doctioribus
1616 1927 1771 1996 lenienda
1806 1941 1840 1997 et
1870 1929 2055 2016 mitiganda
2068 1951 2076 2010 3
2116 1929 2193 2014 quia

172 2012 336 2097 tipiciter.
379 2011 426 2074 Es
447 2017 489 2076 ist
510 2014 603 2097 leupo
622 2014 754 2098 binwep.
1205 2014 1319 2082 nullos
1342 2027 1451 2081 status
1474 2027 1585 2102 potest
1614 2035 1691 2082 essa
1723 2016 1797 2082 sina
1826 2014 1990 2101 aliquibus
2013 2015 2193 2080 incommo-

59 2180 67 2189 .
238 2098 325 2165 lstas
338 2120 479 2166 caussas
491 2101 756 2167 consideratead
768 2101 1026 2169 confirmandam
1044 2099 1156 2180 iidem,
1207 2103 1269 2167 dis.
1304 2100 1546 2186 Apostolorum
1564 2103 1769 2188 temporibus
1792 2101 1911 2190 quales
1934 2098 2193 2167 dilacerationes
2213 2180 2218 2189 ι

173 2187 263 2337 paud
299 2188 429 2252 venerit
450 2185 607 2268 blessias,
643 2200 676 2254 et
715 2190 758 2254 ad
792 2186 1052 2254 confirmandam
1085 2206 1155 2252 mo·
1205 2187 1356 2254 fuerunt!
1402 2188 1544 2262 Quando
1566 2187 1767 2269 taliabant,
1801 2200 1880 2256 sunt
1913 2188 2076 2275 quaedam
2110 2184 2193 2253 leni·

195 2273 323 2352 ostiam,
345 2273 555 2340 excitandum
578 2277 728 2341 timorem
757 2274 830 2341 Dei.
898 2271 1040 2352 Videtis,
1072 2294 1155 2359 quo·
1206 2286 1273 2340 tate
1306 2286 1339 2340 et
1370 2275 1546 2360 prudentia
1577 2277 1839 2363 gubernatorum
1871 2274 2114 2359 componenda,
2149 2292 2192 2358 ne

171 2359 272 2424 modo
295 2370 429 2426 crescat
449 2362 615 2426 securitas
639 2372 672 2426 et
693 2358 816 2426 laxatio
840 2360 920 2425 disci
946 2357 1052 2425 linae:
1088 2357 1155 2420 and
1207 2372 1312 2425 totum
1336 2381 1459 2446 eorpus
1488 2373 1612 2447 pereat.
1669 2362 1797 2428 Ennius
1820 2361 1940 2447 inquit:
1973 2364 2105 2428 Hostem
2181 2362 2194 2421 i

170 2466 235 2507 mor
252 2447 308 2525 fiir
329 2448 379 2510 eiu
401 2446 566 2512 motacillae
588 2451 631 2510 ist
648 2444 865 2512 allentboibm.
944 2446 1034 2511 icunt
1056 2442 1155 2511 etiarn
1203 2451 1316 2529 feriet,
1341 2447 1422 2513 mibi
1441 2454 1507 2514 erit
1528 2448 1829 2530 Cartbopiniensti:
1857 2448 1891 2513 id
1914 2459 1984 2531 est,
2009 2444 2067 2511 ille
2095 2446 2138 2511 mi
2153 2463 2191 2511 es

172 2529 461 2617 Constantinopoli
494 2543 619 2599 tantum
656 2533 763 2599 fuisse
799 2532 1028 2617 turpitudinis,
1063 2542 1155 2596 anto·
1206 2541 1270 2612 est,
1294 2533 1351 2618 qui
1372 2530 1608 2599 hostiresistit.
1644 2533 1774 2600 Citatur
1794 2533 1851 2599 hic
1873 2552 2005 2611 versus,
2026 2542 2192 2598 utcontra

171 2636 312 2703 quomo
341 2616 452 2684 'l'urea
479 2629 612 2684 vastata
633 2633 696 2699 est,
730 2629 767 2685 ut
796 2616 890 2684 nefas
918 2617 1071 2684 videatur
1095 2614 1155 2682 ali·
1205 2616 1324 2684 hostes
1358 2619 1463 2686 simus
1491 2619 1615 2687 intenti.
1672 2619 1732 2686 Sic
1754 2621 1836 2686 dixit
1856 2618 1983 2686 Caesar
2015 2620 2048 2685 in
2078 2637 2193 2706 pugna

170 2702 249 2789 quid
271 2704 313 2768 da
335 2724 377 2770 ea
400 2724 669 2772 commemorare.
715 2703 818 2791 igitur
851 2706 941 2770 venit
960 2702 1090 2781 Terea,
1121 2713 1155 2770 et
1207 2703 1419 2786 Pharsalica,
1442 2725 1517 2772 cum
1539 2707 1630 2772 acies
1652 2703 1927 2772 inclinataessett
1950 2708 2065 2788 Amne
2080 2708 2191 2790 uolam

169 2789 321 2855 exercuit
341 2811 495 2878 magnam
517 2788 757 2860 crudelitatem.
843 2798 848 2807 ‘
1206 2793 1268 2859 aed
1280 2811 1388 2878 poree
1407 2795 1537 2878 ciuibus,
1558 2794 1592 2859 id
1616 2804 1679 2875 est,
1711 2792 1766 2859 isti
1788 2794 1931 2880 corpori.
1987 2789 2109 2857 Pericli
2132 2790 2191 2880 da·

254 2870 444 2942 Dolendum
477 2889 530 2943 est
557 2889 667 2944 autem
689 2878 789 2945 etiam
819 2879 855 2945 in
886 2888 1000 2944 vestro
1035 2877 1153 2944 ordine
1206 2889 1274 2945 tum
1297 2891 1350 2945 est
1371 2879 1463 2958 vitio,
1486 2879 1577 2966 quod
1597 2879 1704 2966 magis
1727 2872 1873 2946 interitus
1907 2886 2000 2943 esset
2032 2874 2192 2943 feriendis

167 2981 236 3028 non
259 2981 337 3029 esse
360 2966 493 3030 modum
516 2963 679 3031 licentiae.
724 2964 800 3030 Non
833 2964 971 3053 parcitis
992 2965 1153 3050 aegrotis,
1206 2965 1348 3046 civibus,
1372 2985 1470 3052 quam
1493 2963 1568 3032 eliis
1594 2966 1761 3033 hostibus.
1815 2964 1932 3030 Nostri
1953 2962 2126 3048 Principes
2157 2964 2193 3029 in

168 3049 318 3128 senibus,
351 3050 475 3135 pueris,
506 3053 692 3139 puerperis.
739 3051 849 3118 Credo
875 3049 982 3116 talem
1013 3046 1160 3116 laxatio⁸¹
1206 3049 1384 3118 Germania
1417 3062 1495 3118 sunt
1526 3051 1661 3134 intenti,
1703 3062 1740 3118 ut
1778 3070 1817 3118 se
1849 3062 1962 3117 mutuo
1992 3051 2193 3129 interimant,

167 3155 245 3201 nem
265 3135 373 3220 primo
394 3156 551 3204 caussam
571 3137 676 3206 fuisse
693 3135 771 3216 illis,
798 3139 854 3226 qui
882 3147 1098 3205 secesserunt
1119 3137 1154 3201 in
1204 3143 1297 3207 ioaeo
1328 3142 1393 3206 dea
1414 3141 1560 3207 melreo
1591 3140 1760 3224 sesemen,
1794 3139 1850 3223 qui
1867 3137 2026 3288 procedit
2051 3136 2192 3203 interim.

168 3219 391 3290 solitudinem.
435 3222 567 3305 Videte,
591 3223 699 3312 qualis
722 3224 820 3292 labor
840 3225 884 3289 sit
905 3224 1018 3303 nobis,
1039 3223 1075 3289 ia
1096 3226 1155 3290 do·
1295 3224 1444 3307 Videtis,
1476 3225 1644 3312 quomodo
1677 3224 1835 3291 ceciderit
1899 3243 2054 3290 amanam
2086 3222 2192 3308 impe·

168 3308 283 3376 eendis
310 3309 426 3390 vobis,
455 3320 536 3397 quot
567 3310 704 3379 labores
748 3314 958 3400 requirantur
978 3311 1013 3376 in
1034 3330 1155 3396 propa·
1205 3311 1308 3392 riam,
1341 3332 1418 3378 cam
1451 3332 1548 3379 nemo
1582 3312 1756 3377 resisteret
1789 3308 1962 3390 hostibus,
2003 3311 2046 3375 ed
2081 3307 2192 3375 adhue
2236 3338 2237 3342 ¹

168 3396 303 3482 gatiano
336 3396 520 3477 doctrinae,
552 3396 643 3467 utilis
683 3401 718 3465 ia
750 3400 845 3478 vita‚·
862 3410 896 3464 et
924 3398 1154 3465 necessariaea
1205 3399 1314 3486 magis
1338 3397 1444 3465 cadet.
1489 3397 1563 3486 Ego
1585 3399 1660 3484 ipse
1681 3417 1703 3463 a
1724 3397 1923 3485 quibusdam
1945 3396 2074 3462 audivi:
2103 3394 2192 3469 Quid

168 3493 280 3548 tamen
301 3479 394 3549 malti
426 3485 512 3551 adeo
546 3497 626 3553 suut
646 3484 846 3571 petulantes,
881 3497 917 3552 ut
952 3505 1019 3552 non
1043 3480 1154 3550 solum
1206 3505 1270 3550 nos
1293 3485 1426 3551 domam
1447 3483 1659 3551 Austriacam
1680 3484 1889 3563 iuraremus,
1922 3486 1960 3549 tit
1981 3493 2126 3560 crescat,
2159 3492 2193 3547 et

168 3564 255 3633 elios
283 3569 498 3636 vehementer
525 3569 722 3651 molestent,
752 3575 813 3639 sed
839 3571 937 3636 etiam
960 3580 1155 3657 praecepto·
1205 3591 1270 3636 nos
1293 3570 1542 3656 opprimamur?
1604 3574 1668 3637 Wie
1700 3592 1739 3637 aa
1758 3572 1837 3636 aber
1857 3569 1988 3652 peretb,
2021 3572 2081 3634 dos
2108 3570 2193 3634 stent

168 3653 426 3735 resedendum,
450 3677 591 3744 qaorum
617 3659 852 3725 iudiciaeerte
875 3659 1023 3723 revereri
1047 3659 1147 3723 debe·
1201 3675 1278 3724 mon
1316 3660 1408 3724 wohl.
1470 3655 1590 3723 Cicero
1625 3654 1817 3722 Cornelium
1850 3654 1993 3723 Balbum
2032 3651 2192 3735 defendit,

168 3738 400 3827 bant.‘Aliqui
422 3744 652 3830 ingrediuntur
673 3753 710 3810 ut
733 3743 908 3832 Gigantes,
930 3746 1027 3830 quasi
1048 3740 1151 3810 velint
1202 3746 1293 3831 quod
1314 3742 1437 3809 habeat
1459 3744 1511 3809 ius
1540 3745 1700 3811 civitatis:
1735 3744 1811 3830 quia
1844 3744 1965 3808 iuverit
1992 3753 2110 3806 contra
2130 3738 2193 3806 ho·

168 3846 364 3918 expugnare
385 3828 531 3896 coelum:
568 3831 641 3896 Nos
662 3832 728 3917 ipsi
749 3829 944 3896 attrahimus
966 3828 1032 3895 hac
1049 3827 1150 3895 lieen-
1202 3841 1287 3896 stem
1308 3830 1489 3895 civitatem.
1535 3829 1582 3895 lbi
1606 3827 1698 3897 illum
1720 3829 1909 3895 habendum
1931 3847 2010 3894 esse
2031 3848 2093 3912 pro
2117 3829 2191 3894 cive

168 3915 215 3980 tia
233 3932 375 4001 poenas,
404 3937 489 4002 quas
510 3917 676 3984 minantur
697 3917 794 3984 nobis
823 3915 889 3982 hoe
921 3936 1010 3981 anno
1043 3915 1150 3982 horri-
1201 3917 1291 3996 dicit,
1314 3917 1370 4003 qui
1393 3913 1470 3982 ferit
1498 3917 1647 3997 hostem,
1681 3936 1751 3981 non
1786 3917 1842 4001 qui
1873 3912 1950 3980 ierit
1982 3933 2064 3981 suos
2087 3914 2190 3981 cives.

168 3999 247 4068 bilia
268 4001 443 4089 prodigia.
495 4000 607 4068 Simus
640 4015 749 4072 autem
782 4003 936 4082 modesti,
969 4012 1002 4068 et
1034 4022 1150 4088 prece·
1201 4001 1371 4069 Demades
1404 4003 1526 4089 inquit,
1566 4006 1721 4072 Oratores
1753 4021 1826 4068 esse
1859 4007 1997 4068 oliorum
2025 4003 2191 4068 bominum
2260 4076 2264 4080 ,

167 4109 251 4168 mur,
273 4099 310 4155 ut
331 4086 425 4156 Deus
448 4086 550 4156 leniat
567 4111 706 4174 poenas,
730 4101 763 4157 et
783 4100 897 4155 servat
919 4087 1049 4176 aliquas
1072 4087 1148 4154 reli·
1199 4098 1381 4172 serpentes,
1405 4099 1441 4158 et
1454 4091 1518 4156 sibi
1539 4091 1632 4175 epeia
1655 4095 1706 4156 uel
1726 4096 1812 4155 inter
1833 4108 1911 4172 sese,
1934 4089 2018 4154 velut
2039 4091 2190 4171 capnos:

167 4176 273 4261 quies.
317 4174 402 4241 Nam
427 4186 518 4242 certe
545 4178 695 4243 servabit
717 4174 814 4243 Dens
836 4173 1022 4243 Ecclesiam
1050 4175 1148 4241 etiam
1199 4178 1232 4242 id
1255 4187 1325 4255 est,
1360 4187 1481 4243 necant
1513 4174 1598 4242 alios
1631 4175 1802 4254 homines,
1836 4196 1858 4240 a
1880 4176 2001 4262 quibus
2031 4176 2094 4262 ipsi
2116 4195 2186 4240 non

166 4261 252 4328 inter
273 4259 453 4328 horribiles
476 4261 600 4329 iluctus
619 4264 856 4350 prodigiorum.
1174 4335 1175 4339 Ἰ
1199 4273 1377 4328 necantura
1411 4264 1474 4328 sed
1497 4273 1576 4329 sunt
1607 4264 1694 4327 inter
1721 4281 1801 4327 sese
1833 4263 1897 4327 sibi
1919 4262 2073 4348 viperae:
2107 4261 2186 4413 Ἓία

251 4348 345 4415 Sicut
361 4349 394 4414 iu
416 4346 475 4415 illo
496 4351 660 4437 prodigio,
684 4349 774 4439 quod
795 4346 919 4414 facturn
941 4358 995 4413 est
1011 4349 1043 4413 iu
1058 4345 1147 4414 'l'bu-
1198 4362 1314 4414 orator.
1336 4360 1504 4415 oratorem
1538 4349 1658 4435 perdit,
1694 4360 1730 4414 ut
1762 4349 1878 4433 vipera
1917 4349 2075 4433 viperam.
2154 4368 2189 4413 e·

165 4434 284 4522 ringis,
308 4437 341 4500 iu
363 4436 487 4521 oppido
504 4436 629 4518 Nebra,
651 4436 874 4526 significatum
890 4445 981 4523 puto.
1025 4435 1074 4500 lbi
1096 4454 1147 4500 re·
1198 4436 1314 4501 mades
1337 4433 1598 4502 fecitdecretum
1620 4446 1740 4502 eontra
1759 4432 2036 4514 Demosthenem,
2058 4444 2095 4502 ut
2116 4430 2189 4520 pal·

166 4539 247 4586 cens
270 4522 323 4588 die
344 4520 426 4588 lunii
445 4522 501 4587 26.
525 4521 642 4589 mulier
663 4524 818 4604 honesta,
842 4542 965 4611 magna
989 4542 1062 4588 cum
1086 4517 1148 4587 dif-
1197 4517 1322 4588 leretur
1346 4522 1479 4590 civitate
1501 4524 1565 4588 sub
1588 4521 1781 4608 Antipatro.
1834 4520 1966 4588 Deinde
1999 4520 2069 4587 filia
2097 4520 2190 4588 Anti·

166 4603 319 4674 bonitate
339 4607 470 4695 peperit
492 4606 612 4687 filiam3
641 4630 708 4697 qua
730 4611 828 4688 edita,
851 4630 930 4676 mox
952 4606 1088 4673 flamma
1105 4628 1147 4673 ex
1197 4608 1295 4694 patri,
1319 4619 1463 4697 cognata
1485 4607 1727 4674 Demosthenis
1750 4605 1945 4697 Hippolyta,
1965 4604 2045 4674 feeit
2073 4607 2190 4673 decre·

164 4696 278 4761 matris
306 4693 385 4761 alvo
413 4697 522 4783 erupit
551 4719 626 4764 eum
655 4698 787 4776 sonitu,
821 4694 929 4782 qualis
962 4693 999 4761 tit
1022 4695 1147 4762 emisso
1169 4738 1172 4745 «
1198 4706 1265 4762 tum
1289 4697 1331 4761 de
1377 4696 1597 4762 rescribendo
1619 4692 1772 4760 Demade
1806 4697 1870 4761 sub
1894 4692 2089 4761 Cassandro
2118 4687 2188 4757 utto

164 4777 266 4867 globo
290 4802 332 4848 ex
352 4801 458 4849 aenea
479 4781 644 4849 machina.
694 4782 743 4848 Ea
764 4782 915 4863 ssarnma,
949 4780 1012 4847 etsi
1041 4794 1147 4848 mater
1200 4780 1376 4869 Antipatri.
1420 4781 1471 4848 lta
1491 4793 1529 4849 ut
1551 4781 1617 4848 duo
1646 4777 1705 4857 lilii
1728 4780 1890 4847 Demadis
1923 4780 2190 4847 interficerentur

163 4869 315 4934 ambusta
338 4879 401 4949 est,
431 4881 630 4937 tamennon
653 4881 704 4937 est
727 4870 884 4935 extincta.
933 4868 1002 4934 Sed
1024 4888 1146 4935 recens
1197 4869 1304 4954 primo
1325 4870 1358 4933 in
1383 4880 1568 4955 conspectu
1590 4868 1717 4954 patris;
1752 4867 1872 4934 deinde
1900 4864 1957 4933 ille
2009 4887 2118 4953 uoque
2140 4867 2189 4931 in·

162 4965 271 5021 natam
293 4952 394 5022 liliam
414 4954 547 5021 ssamnm
569 4951 796 5036 circumdfflit,
820 4967 854 5021 et
876 4957 1020 5022 necavit.
1075 4956 1145 5022 hla-
1198 4950 1356 5020 terfectas
1379 4964 1469 5020 esta
1491 4954 1559 5020 lilia
1592 4954 1777 5040 Antipatri,
1813 4964 1957 5040 cognata
2020 4950 2186 5021 emosthe·

161 5051 212 5107 ter
229 5040 396 5129 significat
415 5040 616 5124 Ecclesiam,
637 5063 723 5131 quae
741 5042 897 5128 manebit,
918 5043 981 5108 sed
1004 5043 1066 5107 erit
1088 5061 1146 5108 ex·
1198 5042 1262 5107 uis.
1303 5038 1362 5107 Sic
1383 5061 1513 5128 poenae
1535 5052 1736 5128 grassantur
1755 5060 1815 5125 per
1837 5039 2007 5116 homines;
2030 5052 2063 5106 et
2084 5058 2188 5126 saepe

160 5146 244 5217 gua,
269 5140 302 5196 et
320 5127 445 5196 amittet
466 5125 570 5198 malta
592 5141 802 5198 ornamenta:
825 5129 924 5198 sicotl
946 5124 1038 5197 bella
1059 5148 1147 5196 sem·
1197 5146 1260 5215 per
1281 5139 1383 5194 totam
1405 5124 1565 5195 familiam
1586 5126 1722 5194 trahunt
1744 5146 1860 5196 secum
1881 5129 2021 5194 ruinam.

1924 5247 1980 5302 200
