4620 5588
168 206 231 276 637
296 211 300 218 '
647 287 651 292 ¹
854 201 1074 272 Possim
1095 201 1494 272 nnnnnnsonlsos
1846 201 1849 205 ’
2035 226 2046 241 ·
2115 197 2184 268 638

168 397 420 462 fabricationem
443 391 544 461 ullius
567 395 626 472 rei,
651 389 753 487 multo
775 394 883 475 minos
904 390 1058 458 bominis.
1082 394 1150 460 sed
1173 394 1177 493 Ι
1200 399 1348 483 Nonne
1387 397 1546 480 Ethnjci
1590 397 1714 479 etjam
1758 397 2001 479 habuerunt·
2032 396 2183 480 doen-14

168 485 329 550 debemus
352 481 566 547 considerare
589 480 782 546 varietatem
795 499 931 565 operum
954 481 1151 559 divinorum,
1174 504 1176 511 ⁴
1554 547 1651 600 nam
1681 515 1830 628 Legis?

168 581 203 636 et
225 569 367 635 adorare
379 567 587 634 Maiestatem
609 565 805 643 conditoris,
821 576 855 631 et
876 578 1069 632 reverenter
1091 567 1150 632 uti.
2196 626 2198 631 .

167 653 341 722 Debemus
364 655 524 740 cogitare,
537 651 630 719 ilium
651 655 759 736 ipsum
770 650 879 717 Deum
903 650 976 718 iore
998 652 1151 732 iudicem,
1288 647 1482 714 Habuerunt
1511 644 1706 732 particulam
1734 648 1905 713 doctrinae
1932 644 2035 734 iegis3
2061 659 2183 734 postea

104 777 106 782 ,
169 743 225 829 qui
249 742 396 809 condidit
413 753 575 805 naturam.
620 738 870 804 Nondebemus
889 759 968 804 esse
987 741 1032 804 ita
1054 758 1150 825 agre·
1174 744 1177 806 i
1202 733 1368 800 finxerunt
1389 735 1524 798 diversa
1545 736 1698 813 nomina,
1725 746 1759 798 at
1785 734 1972 799 habuerunt
2000 731 2184 800 idololatri·
2284 768 2287 772 ·

169 840 254 906 stes,
275 840 312 893 ut
334 824 415 893 nibil
437 827 577 891 istorum
592 825 858 889 consideremus.
1175 825 1263 886 'cos
1298 815 1419 886 cuitus.
1464 819 1573 880 Dumii
1607 820 1705 881 naban
1737 823 1784 881 aie
1813 841 1846 881 es
1871 820 2181 888 ..iedeaadadea

255 912 309 981 Da
332 913 449 991 verbo,
470 910 643 996 dodonae:
677 911 743 975 dixi
777 911 875 977 vobis
906 909 1009 976 alias:
1033 909 1151 976 Guari-
1174 855 1178 969 i
1201 907 1270 972 Sed
1291 903 1400 973 lucem
1421 904 1595 994 Evangelii
1616 927 1685 972 non
1707 906 1910 986 habuerunt,
1931 926 2000 972 non
2022 919 2184 974 noverunt

168 1020 246 1066 num
270 1000 381 1065 dicere
403 1018 481 1064 esse
503 996 669 1082 ἀφέωνται,
691 1017 752 1080 pro
775 995 928 1080 α’φεῐηαι,
950 997 983 1062 id
1007 1007 1077 1075 est,
1101 1008 1151 1063 r'e·
1175 988 1178 1115 Ι
1202 990 1319 1058 Filium
1341 990 1425 1071 Dei,
1446 1002 1481 1056 et
1502 994 1735 1059 remissionem
1753 1006 1965 1077 peccatorum
1988 996 2184 1060 annuntian-

168 1086 273 1151 missa
295 1099 385 1165 sunt,
403 1106 439 1148 so
456 1083 555 1146 sano
569 1085 604 1149 in
627 1082 772 1149 iohanne
795 1079 987 1149 manifeste:
1017 1102 1050 1144 er
1070 1104 1152 1146 naurs
1202 1081 1277 1144 dam
1300 1090 1437 1164 propter
1458 1075 1574 1143 Filium
1597 1077 1670 1163 Dei,
1693 1091 1726 1144 et
1749 1090 1882 1145 caetera
1906 1078 2079 1159 beneficia,
2097 1100 2183 1168 quae

169 1171 215 1233 do
236 1174 288 1233 ein
308 1171 510 1239 indicativus
530 1191 616 1254 aeyn.
660 1168 750 1234 Dicit
762 1187 839 1235 esse
851 1166 1061 1249 dissolutum,
1078 1191 1150 1255 pro,
1187 1163 1300 1240 ⁴simul
1322 1173 1454 1250 oportet
1476 1162 1668 1248 compiecti3
1695 1166 1789 1251 quia,
1818 1167 1951 1253 quando
1975 1167 2183 1232 nominamus

168 1256 190 1321 α’
216 1267 320 1338 εἴπω,
342 1261 366 1325 l.
390 1254 504 1323 luban.
526 1258 558 1322 2.
581 1255 655 1343 Ego
678 1252 810 1322 interlui
833 1256 1056 1341 disputationi,
1075 1278 1151 1322 cum
1203 1252 1432 1318 remissionem
1454 1264 1668 1335 peecatorum
1691 1250 1939 1337 complectimur
1964 1251 2063 1317 simui
2090 1253 2183 1318 resti·
2214 1287 2219 1302 ·

190 1284 288 1461 iipuis
309 1345 343 1408 in
366 1342 461 1409 Luca
485 1341 591 1409 voluit
609 1346 656 1408 ita
678 1340 851 1428 glossam:
890 1340 937 1403 Es
963 1341 1048 1404 steine
1075 1349 1152 1404 mt-
1203 1339 1361 1402 tutionem
1383 1337 1525 1403 iustitiae
1548 1351 1580 1403 et
1602 1339 1688 1404 vitae
1711 1351 1880 1416 antennae,
1902 1358 1989 1425 quae
2010 1349 2063 1404 est
2080 1338 2183 1404 realis

169 1431 231 1491 lion
254 1427 459 1514 intonuisti
472 1421 536 1508 est,
552 1433 746 1491 remittentur
767 1431 798 1489 ei
813 1437 971 1510 peccato:
985 1427 1151 1506 Damocle,
1203 1421 1324 1489 deletio
1347 1425 1477 1508 peccati
1499 1434 1532 1488 et
1554 1424 1681 1490 mortis.
1726 1421 1820 1490 illam
1841 1421 1951 1490 iucem
1963 1436 2094 1512 oportet
2105 1444 2184 1491 esse
2235 1459 2237 1463 ·

169 1517 268 1581 Fides
291 1528 348 1583 tua
370 1531 403 1581 te
426 1511 556 1580 salvum
579 1512 673 1582 fecit=
695 1513 788 1601 Ergo
811 1515 955 1593 dicebat,
977 1533 1056 1580 esse
1077 1536 1151 1600 pro·
1202 1511 1432 1595 praecipuamz
1454 1522 1585 1593 oportet
1613 1511 1690 1577 sciri
1720 1511 1947 1576 remissionem
1969 1523 2184 1595 peccatorum

167 1603 361 1668 missionem
391 1603 434 1666 de
462 1597 590 1667 loturo:
617 1603 821 1664 remittentur.
872 1601 997 1667 Postea
1019 1602 1153 1670 dicebat
1203 1597 1291 1661 omni
1321 1607 1492 1678 tempore,
1525 1599 1623 1662 etiam
1651 1616 1712 1682 pro
1742 1593 1806 1661 iilis
1819 1643 1831 1677 ,
1865 1598 1921 1682 qui
1954 1610 2032 1663 sunt
2064 1597 2184 1663 sancti.

167 1686 291 1753 iactam
325 1687 565 1833 remissionpxm.
609 1687 691 1837 Epiat
725 1683 900 1753 calliditas.
924 1684 1043 1834 RNoio
1076 1707 1152 1753 eum
1203 1678 1593 1832 giandapumlpoterpurp
1610 1693 1644 1748 et
1664 1684 1831 1831 immopupn
1854 1696 1928 1764 est,
1947 1684 2053 1834 1pund
2085 1694 2185 1833 sopat

169 1774 233 1838 ‘m
263 1774 372 1838 non⁰n
397 1794 444 1840 re.
530 1796 546 1835 s
573 1776 616 1836 ist
661 1793 680 1838 e
726 1794 763 1838 ra
784 1773 891 1844 senti,
956 1775 1152 1837 emittuntur:
1226 1787 1365 1834 ecoeo
1431 1770 1463 1828 ic
1484 1787 1517 1829 es
1590 1772 1634 1831 ‘ue
1653 1789 1737 1832 near
1779 1772 1902 1836 iectus.
1985 1790 2123 1835 ernman
2148 1791 2184 1835 a·

167 1796 234 1923 iiiii
254 1796 358 1922 moini
376 1795 475 1924 ieiuna
502 1880 581 1921 were
609 1863 659 1920 ein
682 1795 922 1926 cliniznctivus
943 1880 1005 1946 pro
1027 1859 1153 1941 iudica.
1203 1864 1283 2005 ἱξιιὲ1
1293 1811 1464 2000 aete’rrpplm
1487 1771 1706 2002 etpissmmm
1714 1867 1780 2003 ‘pst
1801 1858 1974 2004 repptlptum
1988 1837 2185 1922 insecundo

170 1948 238 2012 tivo
274 1947 360 2011 idem
384 1960 492 2011 tamen
515 1959 617 2011 esset.
647 1966 648 1969 ’
1232 1961 1249 2004 s
1286 1960 1357 2004 mot
1432 1942 1489 2001 'eit
1547 1945 1666 2004 ocinus
1693 1964 1712 2004 o
1754 1961 1816 2002 ine:
1871 1946 1940 2005 “aa
1966 1961 2051 2004 meio
2077 1962 2111 2003 cs

237 1993 250 2025 ³
1203 2045 1261 2108 eqo
1294 2025 1389 2088 nodie
1420 2031 1516 2106 pereni
1549 2037 1587 2091 tc.
1632 2028 1675 2093 Et
1698 2042 1830 2112 postea:
1865 2028 2058 2091 osculamini
2075 1949 2184 2110 fiiittiiii

523 2176 531 2193 ,
780 2176 788 2192 ,
920 2177 923 2181 ,
1109 2153 1112 2161 ·
1203 2117 1299 2180 item:
1321 2109 1421 2174 Booti
1442 2133 1564 2187 omnies,
1594 2118 1648 2196 qni
1679 2115 1837 2197 confidunt
1869 2119 1902 2177 in
1935 2134 1982 2178 eo.
2027 2114 2070 2180 Et
2096 2137 2117 2181 a
2140 2116 2184 2182 ud

356 2236 358 2239 -
391 2177 534 2259 Loca
578 2174 923 2260 Doctrinae.
1203 2198 1353 2264 Esaiam:
1375 2197 1517 2280 Spiritui
1537 2201 1668 2263 Domini
1687 2223 1780 2284 saper
1797 2221 1853 2274 me,
1878 2203 1922 2264 od
1939 2138 2185 2264 encomiasticon

1203 2287 1411 2347 remissionem
1416 2295 1620 2366 peccatorum
1631 2291 1716 2349 anisii
1726 2307 1782 2351 me.
1827 2288 1991 2350 Dotieitei
2009 2308 2184 2372 expresse,

257 2376 417 2441 Materiae
440 2377 472 2440 in
494 2374 558 2441 hac
580 2373 769 2441 narratione
791 2386 869 2442 sunt
889 2371 1092 2463 principales
1120 2386 1154 2441 et
1205 2372 1296 2456 quod
1304 2369 1449 2437 Messias
1458 2373 1502 2436 sit
1514 2375 1774 2440 annunciatums
1784 2376 2014 2439 remissionem
2025 2385 2186 2458 peccato·
2299 2368 2308 2385 “

169 2462 329 2548 insignes.
504 2515 514 2536 ,
1205 2477 1468 2546 rum3expresse
1480 2461 1577 2524 etiam
1589 2459 1708 2526 dicitur
1719 2463 1752 2525 in
1763 2459 1877 2540 Esaia,
1890 2461 2024 2543 quodsit
2033 2481 2185 2542 posuit-ne

257 2547 279 2611 i.
325 2545 486 2613 Doctrina
510 2548 551 2617 de
574 2546 771 2612 remissione
790 2556 1017 2633 peecatorum.
1198 2549 1417 2625 propecccto.
1441 2544 1478 2607 in
1490 2543 1632 2610 Daniele
1653 2547 1763 2625 steten,
1779 2546 1872 2608 Hanc
1881 2548 2030 2613 Messium
2042 2547 2185 2610 reddita·

257 2632 295 2698 li.
340 2635 474 2701 luscitia
503 2631 781 2712 Pharisaeorum,
817 2644 849 2699 et
877 2635 1037 2700 tenebrae
1063 2630 1153 2715 iliius
1203 2651 1270 2691 neu
1291 2632 2185 2716 esseiustitiamaetemcni‚dentaaanpecccran.1pa

170 2721 348 2806 temporis3
372 2721 449 2807 quia
461 2718 635 2785 Pharisaei
645 2720 826 2785 amiserant
847 2719 880 2784 in
902 2730 1007 2786 totum
1030 2721 1153 2787 doctri·
1204 2714 1410 2778 excindetur.-
1430 2718 1463 2782 id
1486 2730 1560 2797 est,
1583 2719 1827 2787 interficientur.
1872 2719 1942 2787 Sed
1970 2733 2079 2786 tumen
2114 2720 2185 2787 red·

169 2827 246 2873 naut
268 2807 311 2871 de
332 2807 531 2873 remissione
552 2820 778 2893 peccatorum,
799 2805 898 2868 dodon
919 2805 1007 2869 aicit
1023 2815 1151 2889 genart,
1204 2801 1260 2869 det
1282 2802 1438 2876 iustitiam
1460 2806 1708 2891 sempiternam,
1730 2817 1764 2873 at
1785 2804 1908 2873 delebit
1929 2820 2112 2891 peccatum.

169 2914 235 2955 was
256 2913 289 2954 es
309 2912 447 2975 paemen
468 2895 520 2960 in.
1290 2886 1383 2954 Haec
1405 2908 1480 2956 cum
1501 2891 1569 2958 sint
1599 2892 1646 2958 ita
1668 2890 1768 2979 polana
1789 2902 1823 2959 et
1842 2895 2020 2979 perspicue
2052 2893 2186 2974 tradita,

256 2977 310 3044 iii.
354 2978 518 3048 Doctrina
548 2979 590 3044 de
618 2978 799 3044 ministerio
826 2977 914 3046 Novi
936 2976 1151 3049 Testamenti.
1204 2992 1337 3058 semper
1359 2975 1560 3042 retineamus
1587 2977 1675 3044 hanc
1707 2981 1908 3064 doctriuom3
1940 2980 2087 3046 sciamus
2119 2977 2187 3045 hac

170 3068 204 3131 in
226 3086 293 3153 quo
315 3067 464 3134 instituta
486 3077 538 3131 est
565 3066 771 3134 annuntiatio
799 3066 1005 3132 remissionis
1032 3086 1174 3150 pecca.
1204 3061 1358 3127 doctrina
1380 3063 1510 3129 ostendi
1532 3066 1710 3132 discrimen
1732 3067 1819 3135 iuter
1840 3064 2001 3132 Ethnicos
2019 3076 2051 3132 et
2068 3062 2186 3132 Eccle

169 3162 290 3218 torum.
1205 3148 1299 3213 siam.
1344 3145 1381 3212 ln
1402 3147 1557 3217 Ecclesia
1579 3171 1713 3238 semper
1734 3154 1834 3220 dabat
1857 3173 1979 3219 sonare
1997 3173 2065 3218 vox
2086 3153 2185 3219 hairu
2261 3167 2268 3175 ’

256 3236 314 3304 iV.
369 3235 578 3304 biiraeuinm.
632 3235 695 3303 Est
726 3237 823 3306 vobis
856 3250 936 3304 nota
971 3237 1153 3304 commanis
1205 3233 1395 3311 doctrinam
1417 3235 1495 3322 quia
1522 3250 1655 3324 oportet
1681 3241 1823 3326 agnosci
1847 3236 1963 3305 Filium
1985 3236 2067 3319 Dei,
2095 3238 2187 3325 quod

172 3323 325 3391 doctrina
346 3324 388 3389 de
409 3320 591 3403 miraculis,
614 3343 712 3410 quam
741 3343 846 3411 saepe
873 3327 1069 3409 repetimus:
1091 3324 1153 3390 illi-
1205 3341 1287 3404 per,
1321 3330 1355 3385 et
1386 3335 1523 3406 propter
1557 3345 1631 3391 eum
1665 3326 1763 3393 detur
1786 3327 1938 3391 remissio
1960 3337 2186 3411 peccatorum,

45 3476 55 3502 .
170 3405 321 3475 reculam
340 3421 392 3474 est
413 3410 636 3476 testimonium
663 3405 752 3475 iliius
780 3410 1061 3495 praedicationis,
1093 3430 1155 3477 sau
1206 3407 1472 3493 quandocunque
1500 3408 1600 3475 bomo
1623 3412 1831 3497 perterrefit,
1864 3424 1897 3477 et
1929 3413 1963 3476 in
1995 3408 2061 3476 iilis
2096 3411 2185 3475 veris

170 3489 259 3562 iiiios
283 3496 388 3560 vocis.
1170 3565 1174 3571 ¹
1205 3492 1391 3558 terroribus
1413 3495 1551 3581 erigitur
1572 3495 1712 3577 fiducia,
1740 3519 1806 3584 qua
1827 3499 1942 3565 statuit
1963 3497 2027 3562 sibi
2048 3508 2186 3583 propter

223 3649 229 3661 ‚
258 3579 302 3645 V.
347 3581 460 3667 imago
483 3577 539 3647 vei
560 3577 725 3668 allegoria
743 3580 776 3647 in
788 3582 978 3668 gestatione
989 3582 1154 3669 grabbati.
1205 3575 1322 3643 Filium
1343 3575 1409 3647 Dei
1431 3601 1580 3665 passum,
1602 3586 1849 3668 resuscitatum,
1872 3595 2083 3670 regnantem,
2113 3583 2185 3648 dari

50 3655 56 3658 ’
171 3666 219 3729 Μ
237 3667 318 3732 auen
339 3665 575 3734 mernorabiiis.
1205 3665 1435 3731 remissionem
1457 3681 1688 3752 peccatorum,
1715 3683 1748 3735 et
1774 3690 1813 3735 se
1840 3668 2043 3736 sanctificari
2062 3668 2187 3756 Spiritu

1206 3761 1334 3817 sancto.
1378 3750 1448 3817 ista
1469 3768 1550 3821 tuuc
1568 3776 1647 3821 vere
1680 3756 1764 3821 fiunt
1795 3758 1827 3821 iu
1861 3753 1918 3822 iiia
1941 3755 2185 3822 consolatione.

569 3898 577 3916 ,
966 3897 975 3914 ,
1042 3898 1051 3916 ,
1177 3838 1299 3925 ,sicut
1315 3839 1415 3904 etiam
1436 3841 1542 3907 sancti
1572 3841 1724 3909 homines
1757 3844 1965 3929 scripserunt
1996 3843 2186 3908 recentibus

172 3895 367 3984 Summa
420 3898 681 3981 doetunae
734 3897 792 3981 de
836 3896 1154 3982 Rem1ss10ne
1177 3931 1182 4028 p
1204 3925 1428 4009 temporibus,
1455 3947 1654 4014 quamquam
1681 3927 1767 3996 nec
1796 3927 2187 3996 nominenumine

499 4029 827 4130 peccatorum.
1177 4013 1394 4162 i.⁰¹’⁵⁰¹¹Dffl¹³·
1630 4103 1639 4119 ,
1680 4103 1689 4122 ,
2132 4100 2160 4121 „

1327 4110 1400 4162 atur
1421 4112 1531 4165 autem
1559 4120 1712 4169 remissio
1739 4114 1952 4186 peccatorum
1975 4114 2112 4188 propter
2132 4100 2185 4166 ri-

259 4180 424 4251 Voiumus
443 4183 584 4270 priunum
614 4183 727 4249 dicere
749 4183 792 4250 de
813 4185 1011 4251 remissione
1033 4203 1153 4270 pecca·
1177 4150 1182 4277 i
1203 4179 1283 4249 lium
1305 4182 1381 4257 Dei,
1403 4187 1510 4273 gratis
1534 4185 1686 4268 scilicet,
1721 4190 1811 4275 quod
1843 4190 1961 4254 attinet
1992 4189 2036 4254 ad
2069 4199 2186 4253 nostra

174 4280 293 4336 torum.
336 4267 449 4336 Debet
469 4271 567 4335 uobis
588 4281 669 4336 nota
690 4289 769 4335 esse
787 4272 971 4336 communis
990 4271 1153 4350 doctrina,
1177 4282 1181 4404 p
1204 4271 1343 4347 meritam
1364 4292 1428 4337 nos
1451 4271 1533 4337 mini
1554 4271 1721 4340 aderimus
1744 4276 1948 4355 meritorum,
1970 4275 2031 4340 sed
2049 4295 2110 4361 pro
2134 4285 2187 4339 ter

173 4367 206 4422 et
227 4378 294 4422 vox
316 4353 488 4443 Evangelii
511 4356 657 4442 propria,
675 4357 765 4443 qood
788 4357 820 4422 in
829 4355 1014 4442 Evangelio
1027 4378 1153 4422 annun·

171 4443 274 4509 tiator
290 4444 446 4509 remissio
468 4457 681 4530 peccatorum
698 4455 837 4529 propter
858 4442 976 4510 Filium
987 4442 1064 4509 Dei.
1092 4442 1153 4509 Pe·
1205 4455 1258 4511 est
1279 4442 1466 4511 consolatio
1489 4444 1663 4533 Evangelii
1685 4449 1873 4533 praecipua.
1917 4446 1987 4513 imo
2013 4446 2100 4512 baec
2122 4457 2187 4515 est

172 4540 245 4595 tius
268 4540 322 4594 est
344 4528 537 4614 complexos
572 4541 673 4594 totam
708 4527 935 4614 propheticam
969 4531 1154 4596 doctrinam
1204 4552 1282 4608 vox,
1305 4551 1371 4615 qua
1388 4529 1594 4600 vivificamur
1617 4545 1649 4599 et
1672 4555 1862 4611 servamur,
1888 4532 1967 4597 Aba
1989 4541 2061 4616 sapt
2079 4553 2113 4594 er
2134 4531 2185 4594 in'e

173 4615 207 4681 in
228 4615 295 4681 boc
318 4615 421 4682 dicto:
445 4617 529 4679 Huic
548 4635 654 4678 'mnes
670 4616 846 4697 propinatae
868 4620 1154 4698 testimoninmper·
1205 4616 1301 4678 unci:
1324 4615 1462 4700 Confido,
1484 4622 1681 4682 emittuntur
1702 4619 1760 4681 tidi
1779 4628 1914 4701 peccato
1936 4629 2001 4686 tou.
2033 4616 2187 4685 Postulat

172 4701 288 4773 didani,
312 4705 464 4782 accipere,
485 4705 693 4764 remissionem
720 4711 926 4784 peccatoram
953 4724 1013 4788 per
1046 4722 1155 4766 nomen
1204 4702 1317 4783 iidem,
1339 4702 1409 4769 vuit
1431 4705 1537 4770 audiri
1560 4725 1653 4771 suam
1681 4727 1817 4793 vocem,
1850 4703 1921 4773 vuit
1954 4706 2053 4774 credi.
2101 4703 2186 4771 Cum

173 4792 253 4868 eins,
275 4790 447 4870 aaronque
480 4789 610 4852 aenne
638 4792 671 4850 in
700 4809 775 4851 crota
820 4790 914 4871 item,
934 4790 963 4857 l.
987 4787 1099 4857 lolian.
1126 4790 1153 4854 l.
1204 4790 1252 4854 ito
1276 4789 1341 4856 lide
1363 4791 1531 4876 erigimur,
1555 4794 1726 4859 verissime
1755 4792 2017 4872 sanctificamur,
2045 4805 2079 4857 et
2106 4810 2187 4858 esse

172 4876 310 4958 Sanpais
344 4873 464 4938 cinni
489 4878 640 4958 parificat
671 4897 729 4939 nos
763 4875 819 4937 cd'
836 4876 973 4939 omnibns
1000 4878 1154 4959 peccatis.
1206 4875 1330 4942 efficax
1352 4876 1507 4943 divinitas
1529 4879 1562 4944 iu
1585 4880 1693 4945 uobis.
1738 4879 1780 4945 Et
1801 4879 1887 4946 fides
1912 4880 2010 4945 debet
2037 4880 2096 4946 niti
2119 4899 2186 4945 non

172 4962 267 5030 llaec
294 4961 446 5026 doctrina
478 4964 673 5029 necessario
702 4963 845 5030 tenenda
878 4975 954 5042 est,
988 4974 1156 5050 tamquam
1205 4962 1318 5050 aliqua
1350 4974 1468 5028 nostra
1500 4962 1675 5050 qualitate,
1724 4967 1783 5030 sed
1824 4963 1881 5031 iiio
1923 4967 2076 5046 domino,
2128 4985 2186 5049 pa·

173 5050 354 5139 praecipuo
376 5045 433 5115 lux
445 5047 631 5129 Ecclesiae,
655 5072 740 5138 quae
763 5051 894 5135 quidem
917 5060 952 5114 et
968 5047 1156 5116 Ecclesiam
1178 5073 1182 5152 p
1206 5051 1318 5129 tiente,
1340 5052 1538 5116 resuscitato
1561 5068 1596 5117 et
1616 5063 1790 5140 regnante.
1813 5053 1917 5118 liuius
1941 5053 2068 5118 meritis
2086 5053 2186 5118 debet

152 5142 216 5207 ¹ab
239 5136 313 5205 aliis
335 5136 500 5226 gentibus
513 5136 681 5203 discernit.
1180 5138 1264 5205 «υἱεῖ
1286 5136 1382 5203 fides.
1426 5136 1614 5207 intueamur
1635 5141 1735 5226 igitur
1756 5139 1862 5205 Deum
1886 5152 1919 5205 et
1941 5138 2119 5220 bourinem,
2139 5135 2187 5206 vl·

1204 4355 1280 4422 Filii
1301 4355 1365 4422 Dei
1399 4359 1549 4425 meritum
1581 4363 1725 4427 donatur
1757 4362 1855 4428 nobis
1883 4362 2047 4427 remissio.
2123 4378 2186 4425 aec
2292 4356 2296 4359 ’
