4620 5588
170 371 257 450 seam
278 368 475 432 ιίοοιοοίιιοο.
521 365 589 430 lsta
611 367 759 432 narratio
781 365 911 431 videtur
932 382 1011 430 esse
1033 366 1156 443 tenuis,

175 455 238 523 sed
260 454 502 521 mariamnes
524 454 685 519 continet.
732 449 891 517 hionachi
913 470 988 517 eam
1009 462 1156 516 transtu·

174 536 286 609 larunt
308 540 352 606 ad
374 560 457 605 suas
485 538 640 625 ineptias.
691 536 764 603 Noa
790 538 931 623 primum
958 536 1157 617 videbimus,

175 628 219 695 ad
241 645 340 714 quem
361 623 486 705 locum,
504 627 548 691 ad
570 644 656 712 quae
677 636 857 710 praecepta
879 625 1014 710 proprie
1034 624 1080 688 sit
1102 643 1157 691 aa·

175 713 429 783 commodanda.
484 711 546 777 Est
578 722 689 777 antam
722 723 823 797 capnt
855 720 890 775 et
917 730 1043 776 summa
1095 730 1158 777 seu

175 810 287 866 statos
307 796 406 865 buius
427 793 601 876 lectionis,
630 793 797 863 Doctrina
820 796 974 881 opposita
996 758 1063 861 Pol

175 972 383 1049 necessaria,
404 972 496 1036 iuxta
514 971 737 1050 vocationem,
758 983 792 1035 et
812 966 930 1056 ingere
952 990 1019 1035 non
1041 989 1158 1035 neccs-

175 1058 277 1123 saria.
319 1055 413 1123 llaec
435 1056 587 1123 doctrina
607 1070 701 1123 recte
723 1056 977 1145 cognoscenda,
1000 1068 1033 1121 et
1055 1075 1159 1141 saepe

177 1143 356 1230 cogitanda
378 1155 448 1229 est;
470 1145 548 1230 quia
568 1144 679 1231 magni
702 1143 857 1209 momenti
878 1154 941 1208 est

187 1507 306 1612 Quae
336 1524 399 1593 est
423 1512 550 1593 virtus
573 1512 759 1623 opposita
792 1509 1146 1624 nolmpaypomirpi
1182 1528 1186 1639 ι

262 1724 331 1792 lies
356 1728 476 1792 ondco.
521 1724 701 1793 Sedulitas.
751 1727 807 1792 Ad
830 1727 920 1813 quod
943 1738 1157 1813 praeceptum

174 1748 355 1899 pertineri,
385 1812 531 1879 Pertinet
552 1814 594 1878 ad
640 1824 848 1899 raeceptomr
869 1812 1003 1877 Honora
1021 1820 1156 1895 patron,

174 1908 234 1963 etc.
270 1898 355 1965 iiam
378 1920 419 1964 eo
441 1836 639 1988 pertinettl

175 1988 355 2072 cuiusque:
379 1986 433 2053 cui
456 1988 611 2073 opposita
633 1996 712 2052 sunt
733 1986 868 2075 ignavia
890 1999 925 2052 et
944 1990 1157 2073 πολυπραγμο-

174 2073 256 2158 einp.
312 2070 482 2139 Seduiitas
511 2086 564 2139 est
591 2073 696 2139 virtus
724 2068 853 2139 iaciens
876 2074 1090 2153 necessaria,
1124 2082 1159 2138 ct

173 2154 306 2247 fugiam
329 2160 507 2226 contraria

630 1900 760 1965 octrina
783 1901 826 1964 de
847 1902 1023 1966 vocatione
1043 1901 1158 1967 nnius·

286 2526 366 2615 Ubi
398 2547 462 2615 est
490 2527 661 2614 fundata
691 2530 794 2613 haec
824 2525 1035 2611 definitio?

257 2732 295 2799 tn
317 2733 409 2800 arao
431 2718 543 2798 Pron
564 2726 686 2807 rarae
706 2730 780 2793 aar
802 2726 971 2809 antam,
992 2734 1029 2791 οι
1050 2729 1157 2811 maa.

168 2822 317 2905 propria
361 2815 489 2886 Paulus
511 2816 649 2905 opponit
673 2812 723 2883 illi
744 2813 869 2883 stultae
898 2814 1069 2902 cupiditati
1095 2813 1157 2881 hu·

172 2928 309 2989 manao,
337 2926 426 2994 quac
453 2916 596 2973 rccmm
623 2902 791 2985 Ambitio,
816 2898 916 2991 aliam
943 2900 1156 2969 ambitionem

172 2992 566 3166 ffiffimotiifflr
577 2990 687 3147 letinae(l
687 2991 918 3159 1111111115
930 2984 1157 3157 ffltelf’all

173 3101 379 3255 punitione
401 3168 583 3253 cogitatam
604 3183 692 3231 esse.
865 3192 871 3203 ·
959 3230 962 3235 ,
1121 3158 1136 3165 “’

184 3517 197 3571 ’·
240 3540 246 3557 ’·
297 3518 422 3603 mma
454 3514 598 3601 Cicero
629 3515 1038 3631 polypragmonicus?

263 3734 372 3803 Valde
392 3733 548 3814 multum,
577 3736 665 3799 sicut
687 3731 889 3821 regulariter
909 3752 1027 3799 omnes
1049 3741 1156 3797 orato

174 3844 249 3903 res,
280 3820 547 3901 Demosthenes,
580 3817 748 3897 Pericles,
782 3830 816 3885 ct
848 3816 924 3896 alii;
957 3836 1156 3907 quamquam

174 3910 319 3977 omnium
346 3905 516 3974 hominum
545 3908 680 3995 ingenia
706 3920 785 3971 sont
806 3907 969 3995 inquieta,
998 3924 1065 3971 non
1086 3914 1155 3971 tan·

172 4006 244 4063 tum
266 3992 449 4061 oiatorum.
494 3992 636 4066 Quando
657 3990 753 4059 Deus
776 4013 845 4059 non
867 3989 1084 4083 singulariter
1103 3998 1156 4056 re·

172 4072 258 4148 'tinet
276 4078 421 4167 aliquem
440 4080 475 4144 in
498 4098 560 4145 suo
582 4076 708 4159 officio,
731 4077 854 4167 singuli
874 4089 1004 4144 tentant
1023 4097 1066 4142 ac
1086 4096 1156 4141 mo·

174 4166 300 4234 liuntur
326 4164 446 4245 multa,
474 4180 512 4232 ut
539 4165 699 4231 describit
726 4163 972 4252 Aristophanes
995 4160 1155 4229 illeonem

175 4253 353 4320 habeatem
384 4250 527 4318 alterum
559 4252 678 4337 pedem
710 4252 743 4317 in
773 4254 915 4329 οοοιοίο,
946 4248 1087 4316 alterurn
1120 4250 1154 4313 in

176 4341 279 4408 curia.
334 4337 435 4405 Nunc
462 4334 556 4404 multi
590 4339 846 4405 concionatores
875 4356 1010 4425 quoque
1038 4330 1154 4400 volunt

175 4423 278 4491 multa
299 4443 434 4512 regere,
455 4445 541 4511 quac
563 4423 606 4488 ad
626 4422 721 4508 ipsos
743 4445 811 4489 non
832 4423 1010 4509 pertinent.
1053 4418 1154 4486 'l'alcs

175 4513 386 4579 nominantur
416 4512 506 4597 apud
537 4508 699 4586 Latinos,
732 4510 919 4576 ardeliones.
974 4508 1029 4573 Ao
1058 4513 1154 4613 uoto·

172 4614 576 4769 mmmmm&
600 4592 1156 4765 criclioeobiiclldollridlillantempfnsti

175 4771 368 4858 quievisset,
388 4771 567 4838 autetiam
587 4769 771 4837 remisisset
786 4764 922 4855 paulurn
945 4771 988 4837 da
1004 4770 1058 4850 iis,
1092 4788 1157 4837 uae

174 4878 245 4927 uon
272 4868 368 4924 arant
393 4859 605 4937 neccssaria,
636 4876 705 4923 non
731 4870 857 4924 motum
883 4854 1004 4923 luisset
1031 4791 1156 4939 hedum

167 4939 518 5029 Peloponnesiacum,
555 4964 624 5030 qao
659 4962 782 5009 eversa
820 4954 874 5007 est
895 4938 1053 5021 ‚inditus
1083 4951 1156 5007 tota

166 5026 339 5107 ‚Graeciae
365 5024 449 5097 illud
500 5024 672 5106 ulchrum,
697 5041 735 5097 ut
754 5028 948 5111 videbatur,
976 5024 1155 5097 consilium

863 174 1081 243 Pttst‘thba
1103 118 1506 240 mamortinam

176 904 373 974 gmosynae.
415 882 583 970 Praecipit
605 884 692 950 enirn
713 880 847 962 lacere,
878 883 1028 962 discere,
1055 818 1187 985 Ξὲἑίοξ

2126 172 2193 259 aar

1208 379 1312 431 trema
1333 362 1498 448 pernicies
1521 363 1582 427 toti
1600 362 1775 429 Graeciae.
1809 364 1867 429 Sia
1887 366 1931 428 ab
1953 350 2193 449 inquietissima

1207 448 1311 530 iuria,
1343 451 1377 515 id
1405 460 1477 528 est,
1510 468 1532 513 a
1561 446 1722 513 Pontiiicc
1746 446 1898 516 Romano
1920 462 2031 515 ortum
2053 464 2104 515 est
2125 452 2193 518 hoc

1207 539 1330 624 ingens
1370 532 1493 601 bellum
1527 535 1614 599 inter
1647 532 1773 623 Regem
1808 531 1938 601 Galliae
1970 549 2002 601 οι
2035 534 2193 625 Angliaa,
2286 566 2291 575 ·

1209 623 1299 710 quod
1328 617 1477 689 involvet
1507 620 1605 685 etium
1633 617 1719 687 alias
1748 620 1869 689 multas
1899 636 2037 708 gentes,
2070 624 2193 713 quibua

1210 708 1273 775 crit
1317 708 1519 775 erniciosom
1542 702 1648 773 valde.

1293 732 1388 881 lingo
1409 791 1494 858 haec
1515 793 1635 869 concio
1658 793 1870 877 reprehendit
1891 795 2136 871 curiositatem
2157 790 2193 865 el

1210 895 1340 961 monet,
1363 894 1398 947 ut
1424 877 1588 943 lhcionrus
1618 883 1822 949 necessaria.
1874 882 1969 950 ilaec
1996 896 2049 949 est
2095 884 2191 949 rinci·

1210 966 1297 1056 palis
1319 988 1457 1035 sunnon.
1501 962 1635 1030 Martha
1656 966 1832 1048 discurrit,
1863 980 1897 1035 ct
1920 966 1989 1035 vult
2012 907 2116 1037 mulla
2138 991 2193 1061 ap-

1211 1076 1330 1143 parare
1351 1074 1393 1119 ex
1418 1052 1530 1129 uisite,
1551 1052 1612 1117 sed
1635 1048 1790 1137 Christus
1813 1054 1918 1121 reiicit
1938 1052 2029 1123 illurn
2052 1079 2072 1122 a
2097 1077 2192 1141 para·

1210 1157 1278 1209 tum
1301 1144 1378 1226 sing
1414 1159 1525 1215 arctat
1553 1138 1643 1204 sicut
1661 1135 1814 1207 hominos
1836 1143 1909 1209 sani
1933 1164 1999 1209 non
2024 1079 2192 1211 dellectart·

1210 1242 1264 1297 tur
1281 1228 1447 1315 exquisito
1469 1236 1643 1311 apparatu:
1671 1240 1749 1291 sunt
1779 1232 1926 1295 contenti
1948 1234 2112 1297 communi
2134 1252 2193 1319 ap-

1210 1328 1337 1405 paratu.
1371 1308 1433 1377 llla
1454 1330 1539 1399 gens
1555 1309 1670 1377 habuit
1687 1309 1809 1399 alioqui
1831 1336 1889 1380 res
1911 1318 2065 1402 optimas,
2088 1314 2193 1387 multa

1210 1422 1335 1489 genera
1356 1418 1541 1485 pomorum,
1564 1392 1785 1465 electissimos
1809 1403 1931 1485 pisces,
1949 1414 1985 1469 ut
2003 1423 2071 1470 non
2092 1402 2193 1471 fuerit

1209 1485 1535 1641 titttttitiit
1549 1485 2193 1647 ,titilloititttilt'tiiti

1209 1674 1332 1739 toran,
1362 1658 1417 1721 se
1450 1656 1563 1737 orffa
1593 1656 1660 1719 mc
1690 1658 1830 1723 sarnam
1861 1621 1928 1723 οἷοι
1954 1661 2109 1745 rrerrpm
2135 1668 2192 1729 na

1209 1748 1271 1809 den
1303 1742 1466 1807 scitante.
1529 1740 1578 1807 lta
1610 1740 1745 1809 Martha
1773 1744 1828 1813 iric
1864 1747 1977 1816 studet
2004 1770 2024 1813 a
2048 1752 2192 1836 paratui,

1210 1844 1375 1900 convocat
1409 1848 1527 1894 omncs
1560 1825 1718 1910 ancillas,
1751 1835 1864 1899 turbat
1891 1845 1995 1901 totam
2024 1772 2192 1903 limitem.

1210 1918 1274 1987 Est
1305 1921 1339 1985 in
1372 1917 1505 1981 Graeco
1533 1934 1652 1993 versu,
1684 1922 1800 1999 χυμίον
1827 1918 1917 2009 ἀνδρί
1944 1927 1975 1986 ir
2004 1924 2077 2011 clap
2105 1922 2193 2007 partit

1214 2004 1393 2087 Tenrpestos
1414 2009 1462 2064 ert
1482 2004 1551 2062 ciro
1567 2000 1677 2063 nmlr'er
1696 2004 1732 2064 in
1753 2003 1856 2069 domo.
2184 1998 2192 2017 ⁴

1296 2088 1611 2178 Polypragmosyne
1638 2103 1691 2154 est
1720 2090 1903 2181 vituperata
1932 2116 2000 2160 non
2027 2094 2137 2163 solutu
2158 2098 2194 2167 in

1210 2178 1394 2265 Scriptura,
1416 2174 1476 2241 sed
1500 2172 1598 2267 etiam
1619 2174 1653 2241 io
1671 2176 1855 2260 sapientum
1872 2182 2075 2267 praeceptis.
2106 2178 2193 2251 'lha-

1209 2262 1286 2333 letis
1309 2266 1525 2331 dictumest:
1555 2260 1671 2323 ‘trieris
1693 2262 1797 2327 adona
1825 2270 1948 2330 ociose
1975 2277 2130 2349 apertam
2157 2266 2191 2337 id

1210 2364 1281 2430 est,
1303 2351 1494 2416 miscentem
1523 2367 1562 2412 se
1589 2348 1734 2435 negotiis
1756 2352 1829 2419 sinc
1851 2353 2047 2435 vocatione,
2080 2368 2113 2422 οι
2134 2376 2192 2433 aa,-

1210 2435 1392 2524 giigeutcm
1422 2454 1495 2500 sua.
1551 2432 1692 2506 Quando
1725 2434 1826 2506 homo
1854 2440 1995 2525 erumpit
2023 2462 2065 2507 ex
2092 2460 2192 2525 voca·

1209 2525 1317 2604 tione,
1340 2534 1420 2587 tunc
1441 2538 1509 2585 non
1530 2532 1644 2607 potest
1664 2538 1732 2588 non
1755 2520 1846 2607 fieri,
1867 2526 1946 2613 quin
1969 2528 2014 2593 sit
2035 2528 2190 2596 odiosust

1208 2611 1373 2698 quianon
1394 2618 1505 2674 tuctur
1524 2606 1682 2673 iustitiam
1700 2608 1953 2681 distributivam.
1995 2610 2124 2697 lustitia
2145 2616 2191 2701 dl:

1208 2696 1382 2783 ,strihutiva
1399 2704 1463 2775 est,
1481 2705 1516 2759 ct
1536 2694 1686 2761 attribuit
1707 2698 1863 2783 personis
1883 2699 2014 2769 idoneis
2037 2721 2092 2769 res
2114 2720 2191 2785 corp

1207 2785 1396 2852 ιιιιίοιιιοοι
1419 2778 1522 2868 aliqui
1543 2776 1703 2873 nolebant
1722 2778 1836 2852 iacere
1854 2786 2050 2856 Ciceronem
2072 2784 2190 2857 ducam

1208 2882 1327 2938 contra
1354 2866 1489 2937 lulium:
1517 2862 1639 2935 inisset
1664 2864 1913 2955 phantasticus,
1940 2874 1971 2941 si
1997 2872 2064 2943 hoc
2089 2876 2124 2943 in
2150 2888 2191 2945 aa

1207 2959 1405 3045 recepisset,
1417 2967 1458 3041 ,et
1482 2954 1615 3021 risisset
1635 2975 1712 3023 eum
1732 2951 1846 3027 lulius.
1890 2960 1960 3027 Sed
1982 2958 2101 3029 Cicero
2122 2973 2191 3035 torn

1207 3040 1269 3113 tuit
1290 3064 1330 3109 sa
1352 3046 1438 3121 iens,
1461 3050 1497 3107 ut
1518 3040 1623 3107 sciret
1643 3061 1684 3108 sa
1704 3060 1773 3111 mn
1793 3065 1899 3132 posse
1941 3066 2081 3115 recessa
2096 3041 2191 3119 cserss

1209 3132 1301 3198 cituic
1323 3066 1400 3197 ilico
1422 3124 1597 3208 abhorret,
1617 3140 1652 3193 οι
1672 3148 1741 3195 non
1763 3130 1836 3198 vult
1856 3154 2021 3221 recipere,
2044 3134 2191 3205 etiamsi

1111 3282 1116 3291 ,
1209 3217 1347 3285 caedem
1369 3218 1400 3283 ei
1420 3216 1600 3281 minaretur
1621 3212 1762 3283 Catonis
1781 3217 1882 3287 iilius.
1933 3221 2075 3297 Quando
2103 3242 2191 3309 opus

1206 3318 1262 3389 est
1283 3302 1391 3385 duce,
1417 3299 1596 3389 eligendus
1618 3312 1672 3367 est
1699 3306 1826 3389 peritns
1855 3305 1947 3375 belli.
2001 3308 2039 3377 ln
2065 3306 2190 3379 schola

1208 3404 1262 3459 est
1282 3390 1464 3459 sumendus
1487 3389 1629 3455 idoneus
1650 3386 1836 3474 professor.
1887 3394 1994 3461 Nemo
2016 3417 2103 3463 uuus
2124 3394 2191 3463 scit

1209 3482 1338 3546 omnia:
1360 3476 1475 3565 Eques
1489 3476 1555 3541 scit
1572 3476 1737 3562 equitaret
1760 3494 1880 3547 cantor
1898 3493 2051 3549 cantare:
2073 3484 2189 3563 idest,

1208 3558 2189 3725 ittidtiiihhtt’atittttitffitiii

1209 3734 1341 3804 ciliciis.
1395 3736 1474 3803 ldco
1509 3732 1581 3801 vult
1607 3731 1722 3800 officia
1748 3756 1828 3803 esse
1857 3741 2031 3820 distincta,
2062 3754 2100 3807 ut
2120 3730 2188 3807 ¹sint

1205 3826 1305 3911 ¹quasi
1326 3822 1461 3891 vincula
1482 3820 1737 3889 necessitudinis
1758 3824 1844 3889 inter
1861 3824 2023 3893 ίιοοιίοοο.
2067 3818 2189 3895 Mulier

1206 3931 1275 3979 uon
1297 3923 1349 3979 est
1372 3912 1440 3990 vir,
1462 3928 1573 3997 neque
1595 3908 1647 3975 vir
1669 3920 1722 3975 est
1743 3908 1872 3977 mulier.
2153 3986 2158 3997 ¹

1293 3996 1368 4063 Vos
1400 3990 1597 4063 scholastici
1631 3997 1729 4063 etiam
1761 4017 1828 4062 non
1856 3998 1997 4065 manetis
2024 3999 2059 4064 in
2085 3996 2188 4068 'roam

1207 4085 1315 4161 tiono;
1335 4084 1488 4151 inceditis
1507 4082 1653 4163 cristati,
1670 4078 1828 4149 laceratis
1851 4086 2018 4166 vestibus,
2041 4106 2109 4151 nou
2130 4106 2187 4155 ac·

1206 4172 1426 4239 commodatis
1449 4188 1512 4236 voa
1536 4179 1671 4235 vestrae
1691 4172 1875 4250 vocationi,
1897 4173 1980 4239 estis
2002 4172 2188 4254 stratiotes,

1204 4256 1409 4332 redimendes,
1430 4255 1506 4319 acolt
1527 4277 1585 4317 mar
1601 4252 1710 4315 Ιιοιοοιι
1730 4254 1797 4317 aad
1817 4258 1948 4320 maciem
1984 4258 2107 4328 (irasci
2127 4257 2187 4333 ha,-

1205 4345 1286 4409 bent
1310 4364 1432 4410 nornen
1459 4339 1648 4428 προιηλιίξ,
1679 4341 1741 4405 das
1765 4341 1848 4407 Ιιοίιι
1871 4348 1961 4407 citrea
1988 4336 2185 4411 salmarches.

1203 4428 1348 4503 Nomina
1368 4432 1402 4497 in
1423 4429 1495 4508 Ax,
1515 4440 1594 4497 sunt
1613 4447 1740 4513 parvae
1760 4429 1966 4512 imitationis,
1987 4444 2024 4499 ut
2044 4433 2078 4498 in
2100 4450 2187 4503 root

1206 4516 1314 4581 Colca
1345 4514 1556 4605 significatur
1588 4536 1693 4603 prava
1722 4516 1880 4599 imitatio,
1912 4515 2041 4586 iaciens
2076 4518 2187 4585 omnia

1228 4624 1291 4683 uae,
1313 4604 1487 4683 iubentur,
1507 4623 1529 4668 a
1549 4611 1692 4687 attonat,
1714 4604 1749 4668 ld
1770 4617 1839 4684 est,
1860 4606 1971 4686 iubeo,
1990 4605 2055 4669 Et'n
2074 4602 2185 4681 Ιιιιιώ·

1201 4758 1205 4765 ,
1257 4702 1341 4755 :ost
1358 4702 1485 4757 tantum
1506 4690 1652 4757 intentus
1673 4693 1708 4761 tn
1735 4686 1820 4769 hoc,
1844 4704 1882 4758 ut
1908 4694 2033 4758 serrim
2059 4690 2186 4779 allod-

1206 4775 1270 4841 bus
1291 4788 1429 4852 eorum,
1444 4778 1566 4863 quihus
1586 4786 1789 4845 assentatur.
1836 4774 1890 4843 Et.
1907 4791 2016 4847 tamen
2043 4778 2089 4843 ita
2114 4790 2185 4845 sto·

1204 4858 1265 4925 lidi
1287 4875 1366 4927 sunt
1387 4864 1501 4967 magni
1525 4860 1659 4931 Domini
1666 4909 1677 4944 ,
1706 4874 1742 4930 ut
1769 4864 1908 4930 credant
1928 4884 1968 4931 se
1985 4861 2074 4930 talea
2094 4883 2184 4945 assa,

1205 4944 1322 5033 quales
1342 4948 1537 5034 praedicant
1557 4970 1619 5019 cos
1639 4970 1717 5017 esse
1737 4962 1978 5017 mactatores.
2024 4948 2111 5019 Nihil
2132 4962 2185 5035 eat

1178 5033 1368 5118 jtnrptim,
1395 5056 1493 5123 quam
1519 5038 1610 5123 quod
1632 5036 1838 5103 somniamus
1860 5057 1925 5103 noa
1952 5058 2031 5105 asse
2057 5030 2184 5107 sinriles

165 5112 360 5193 Ruricium
391 5115 436 5183 ds
659 5117 722 5183 bur
746 5112 987 5197 ,axcludcudim
1014 5108 1088 5193 init.
1098 5132 1155 5195 cx·
1177 5116 1181 5139 ¹

1206 5140 1401 5209 magnorum
1422 5123 1556 5227 ducum.
1603 5120 1673 5215 lruo
1692 5124 1824 5191 insania
1843 5137 1917 5203 ast,
1939 5126 2071 5211 quando
2088 5122 2182 5211 hogi-

1936 5282 1940 5289 .
2107 5262 2151 5297 m
