4620 5588
61 212 68 233 ’
150 214 216 287 sa:
567 240 575 251 ·
654 234 672 269 a
834 210 1052 286 marrona
1082 157 1485 311 :mutaruonann
1968 308 1977 323 ἢ
2099 209 2169 283 aas

151 422 207 478 tua
227 422 263 476 et
284 409 564 495 circumspectus,
583 417 622 473 at
640 424 708 474 non
729 407 865 474 aberret
885 425 908 472 a
921 407 995 486 ria,
1017 418 1052 472 et
1065 417 1134 472 tar·
1184 403 1269 485 lab,
1291 415 1325 469 et
1345 398 1404 470 illa
1425 404 1566 470 maone:
1589 423 1692 487 onus:
1718 405 1781 471 aed
1806 418 1918 473 nmen
1938 401 2005 471 boc
2026 425 2114 473 onon
2136 408 2168 474 ei

152 500 259 565 betur.
293 495 378 561 Sunt
400 491 505 559 multa
526 513 646 580 niagno
669 489 813 559 actnalla
830 504 985 577 peccata:
1005 505 1055 573 ut,
1065 492 1133 558 bu-
1184 492 1365 577 mitigatur,
1386 508 1456 557 uon
1477 502 1530 555 est
1550 488 1618 556 tale
1639 512 1739 572 onus,
1762 489 1864 580 quale
1883 488 1995 559 iuerat
2017 494 2167 560 morbus.

149 584 208 650 vid
239 581 363 647 labitur
396 577 611 647 horribiliter.
665 578 783 645 Aaron
804 578 915 646 adbuc
941 576 1133 645 horribilius
1185 573 1293 644 Etiam
1325 576 1425 642 uobis
1456 576 1671 661 imponantur
1699 598 1805 646 onera
1831 577 2033 659 semuncia,
2055 588 2168 667 gasta-

151 668 287 748 labitur,
305 678 622 754 posteasequuntar
642 685 786 753 magnae
808 684 950 751 poenae,
967 679 1001 731 et
1023 675 1134 732 manet
1184 683 1261 731 mus
1282 659 1418 743 lectam,
1439 658 1632 745 familiolaa,
1654 674 1690 730 et
1711 678 1828 732 nostra
1850 663 1975 747 cilicia,
2003 678 2038 732 et
2122 677 2168 733 ta·

152 777 234 822 vera
256 751 391 841 regula:
420 751 557 816 Verebar
578 754 682 815 mnia
702 768 802 833 man
818 770 897 826 rasa,
912 754 1028 832 adm,
1047 750 1134 836 qaod
1185 768 1260 816 mas
1281 769 1358 817 curu
1380 749 1522 839 qupdam
1549 747 1791 820 imbecillitate:
1819 752 1885 818 aed
1904 748 2001 818 Deae

138 836 215 906 'aon
233 844 346 923 pmci:
367 839 577 924 delinquenti:
608 839 643 905 id
665 850 735 916 est,
763 838 837 929 ligr·
859 836 907 907 lui
929 835 1071 927 diligens
1099 839 1134 903 in
1185 834 1248 902 Est
1269 855 1356 902 onus
1374 830 1536 900 dissimile
1555 841 1686 904 :trorbm
2120 840 2143 893 -ἔ

151 927 311 1016 operibus
332 929 415 993 meis
437 926 608 1012 regendis,
641 944 686 990 ne
717 921 865 1004 labaret,
893 925 1022 1005 sciens,
1043 925 1135 1013 quod
1270 919 1383 988 Nolite
1409 918 1537 988 babere
1566 919 1658 990 illan:
1692 926 1901 996 barbaricam
1933 944 1967 998 et
1997 938 2169 1017 wem

151 1035 221 1082 uon
241 1015 355 1099 parcis
376 1014 419 1093 ei,
441 1013 498 1101 qui
519 1013 596 1093 ruit,
617 1022 652 1077 et
672 1010 796 1076 labitur
818 1020 937 1077 emuna
960 1012 1135 1077 conscien-
1184 1008 1467 1096 imaginationem,
1490 1010 1581 1095 quod
1596 1032 1665 1077 uon
1685 1024 1854 1098 prematur
1871 1015 2027 1086 Ecclesia
2048 1015 2168 1100 poenis

150 1103 248 1180 tiano:
283 1113 335 1181 et,
370 1098 500 1166 etiamsi
531 1099 660 1187 mitigat
700 1116 849 1184 poenas:
887 1106 998 1166 nmen
1041 1106 1135 1165 certe
1184 1090 1444 1182 temporalibus,
1475 1097 1565 1162 unde
1597 1095 1651 1176 lit,
1684 1111 1720 1165 nt
1739 1098 1894 1169 homines
1926 1101 2168 1171 insecuritate

39 1249 45 1261 ,
150 1188 256 1275 ponte
1186 1182 1312 1261 uiuant,
1333 1181 1429 1267 quasi
1450 1201 1519 1247 aon
1540 1184 1608 1261 ¹sint
1629 1190 1851 1269 perventa'aae
1867 1209 1997 1275 poema
2013 1188 2058 1252 ad
2071 1184 2168 1253 illos:

239 1272 386 1347 Quartus
408 1270 507 1338 locus
529 1283 598 1338 est:
618 1259 679 1333 1:10
704 1269 790 1333 tollit
811 1277 844 1334 et
869 1276 975 1352 putat
1000 1269 1134 1353 pobbo-
1186 1268 1249 1334 sed
1269 1266 1416 1334 sciamus
1449 1279 1561 1334 tamen
1592 1269 1767 1338 locasse
1798 1278 2027 1354 vanssiruum,
2059 1271 2169 1342 Deum

151 1369 225 1427 aaa.
269 1356 333 1425 Est
365 1357 479 1445 eliqua
511 1357 725 1448 significatio,
757 1376 975 1444 quaecunque
996 1369 1067 1423 est:
1093 1357 1135 1423 si·
1185 1355 1340 1442 mitigare
1365 1370 1493 1440 poenas
1528 1359 1715 1425 conversis.
1768 1360 1841 1427 Noa
1874 1364 1972 1430 ctiam
2000 1379 2090 1430 nunc
2111 1361 2168 1427 de·

150 1466 225 1513 mos
248 1449 314 1512 ista
335 1445 500 1512 contenti:
532 1455 610 1530 pust
642 1446 850 1510 sanationem
875 1440 998 1531 aliquid
1021 1443 1134 1510 ouans
1187 1442 1304 1506 bemus
1325 1453 1443 1525 patero
1457 1442 1745 1528 'mitigationem
1766 1443 1853 1514 Deo.
1898 1449 2041 1526 Videtis,
2068 1467 2169 1533 quam

133 1535 341 1619 imponitur.
363 1531 548 1598 Reduoitnr
568 1528 627 1596 ille
648 1530 933 1597 advocationem:
958 1542 1004 1608 et,
1021 1548 1135 1621 quam·
1187 1528 1254 1593 siut
1275 1526 1389 1593 tristes
1412 1539 1446 1592 et
1477 1526 1667 1597 bonendae
1699 1532 1947 1618 dissipationes.
2002 1529 2094 1601 Talis
2116 1545 2170 1600 est

151 1640 251 1705 quam
272 1632 326 1685 est
345 1608 458 1706 aliqua
478 1614 673 1696 difficultas,
701 1627 811 1683 tamen
836 1617 1027 1705 mitigantur
1052 1634 1135 1703 poe·
1186 1614 1337 1700 species,
1370 1606 1467 1700 bussi
1499 1617 1609 1683 omnia
1640 1616 1708 1683 sirit
1728 1623 1885 1705 peritura.
1942 1623 1979 1688 ln
2006 1621 2060 1688 bis
2089 1643 2169 1689 con·
2283 1614 2288 1624 ⁸

40 1746 48 1763 ι
150 1724 225 1772 nae.
271 1703 416 1771 Contra:
1186 1698 1376 1768 fusionibus
1425 1698 1587 1768 bellorum
1626 1724 1760 1772 cremus
1792 1706 1924 1788 Deum,
1968 1721 2005 1776 ut
2043 1712 2170 1797 mitiget

285 1822 404 1888 Texta:
424 1824 523 1888 dicit:
543 1822 727 1906 iustificati:
744 1823 809 1906 fida
823 1843 938 1906 pacem
954 1822 1117 1887 manao:
1177 1804 1313 1940 ἕως
1333 1784 1702 1945 ἓωμιῗὶᾝὲᾚ
1721 1796 1880 1948 ἷένβῖἳῖῧ
1901 1796 2068 1881 meflffl·
2111 1801 2172 1865 st?

281 1909 370 1996 ΒΨ
389 1913 727 1995 mmmmm
738 1909 853 1975 mam
864 1916 1130 1992 'mmmm'
1181 1893 1369 2045 rmum,
1397 1894 1488 2048 ngd
1507 1958 1713 2030 calamitates
1746 1898 1976 2051 priblicdgyzd
1998 1886 2171 2036 vappam&

239 2049 308 2116 (lur
336 2052 436 2139 igitur
463 2064 542 2137 post
571 2049 838 2115 iustificationem
867 2046 964 2115 Adae
998 2062 1134 2114 maneat
1185 2047 1384 2132 pertineant.
1440 2045 1620 2115 Pindarus:
1653 2048 1687 2114 :d
1719 2055 1830 2118 cinctos
1858 2058 1971 2138 πιέζει,
2000 2054 2170 2144 ἀλλοτρίων

150 2137 303 2221 poenae?
324 2136 403 2203 ltem
422 2135 563 2204 Doridis
585 2155 716 2223 poenae
738 2146 892 2201 manent:
913 2134 989 2199 Noa
1011 2136 1134 2216 ausere-
1186 2131 1221 2199 oi
1241 2138 1341 2215 ptiar:
1369 2137 1553 2203 Bonteatr'ec
1583 2156 1644 2203 nos
1671 2149 1841 2223 mensal:
1873 2161 1968 2210 :seim
2000 2145 2053 2208 iol:
2081 2146 2173 2211 nien

155 2229 206 2285 tar
225 2223 355 2306 plodio:
376 2246 397 2286 c
419 2224 513 2301 ἀοπιο
535 2231 609 2287 tun:
640 2223 674 2288 id
703 2233 768 2301 est,
790 2232 849 2288 tua
870 2224 991 2288 domus
1014 2221 1135 2288 dilace·
1181 2220 1252 2303 pell
1280 2221 1361 2300 bal,
1394 2239 1433 2287 ao
1465 2223 1536 2290 taut
1565 2230 1647 2291 miss
1679 2226 1743 2291 ciel
1757 2210 1892 2307 'metm
1926 2229 1978 2295 ala
2009 2230 2089 2296 das:
2115 2235 2170 2297 aba

152 2310 281 2375 rabitur
346 2311 505 2378 tricidiis‘l
548 2307 760 2395 liespontleo.
799 2304 903 2373 Nulla
923 2318 1036 2375 marist
1057 2328 1134 2394 poe·
1187 2303 1312 2372 bellum
1333 2312 1379 2374 tst
1393 2308 1473 2376 ttler
1494 2311 1636 2392 orendo
1666 2316 1743 2378 meti
1772 2313 1806 2377 in
1839 2310 1908 2378 elio
1929 2312 2019 2383 loco.
2048 2313 2168 2382 'Talis

154 2416 230 2477 nae,
253 2399 383 2462 scilcet
403 2409 557 2471 aeterna:
582 2407 616 2461 et
639 2407 691 2461 cst
713 2415 849 2474 verum,
880 2396 913 2459 ln
935 2396 1134 2461 remissione
1186 2405 1238 2458 est
1260 2404 1395 2472 natura,
1425 2397 1532 2461 :otene
1553 2403 1684 2481 tropsen
1716 2401 1795 2465 sind
1824 2406 1894 2467 asir.
1951 2399 2169 2469 calamitates

153 2494 367 2567 peccatorum
389 2479 488 2549 simul
499 2480 660 2548 tolluntur
671 2479 768 2567 culpe
780 2493 813 2545 et
822 2500 954 2566 poenae
964 2495 1135 2550 aeternae,
1184 2475 1341 2564 publicae
1362 2481 1530 2565 pertinent
1560 2484 1603 2549 ad
1633 2480 1804 2571 singulos,
1838 2497 1875 2551 ut
1897 2497 1950 2553 est
1976 2489 2010 2551 in
2034 2487 2168 2555 Solonis

154 2567 231 2631 Mon
260 2570 333 2632 redt
361 2568 440 2632 cbo.
486 2567 547 2635 list
569 2569 689 2634 modus
710 2565 744 2631 lo
771 2566 868 2633 uendi
902 2568 935 2632 in
959 2566 1133 2635 Ecclesia:
1185 2585 1302 2632 versu:

153 2653 255 2722 Aliud
274 2667 326 2722 est
349 2655 500 2722 remissio
522 2654 659 2741 culpae,
688 2588 778 2719 alius'd
811 2655 965 2719 remissio
991 2674 1135 2741 poenae.
1326 2654 1457 2719 latrant
1475 2654 1511 2719 in
1530 2657 1692 2723 Mamas
1710 2660 1840 2743 pullus
1860 2662 1984 2727 damac
2004 2667 2084 2728 tuos.

153 2742 322 2809 Remissio
343 2740 475 2829 culpae,
502 2753 556 2808 est
578 2742 741 2828 receptio,
771 2751 806 2806 et
826 2738 1052 2809 reconciliatio
1074 2742 1134 2808 bo·
1184 2736 1334 2805 Discatis
1352 2735 1442 2806 allici
1464 2762 1547 2808 cura
1575 2747 1795 2812 communium
1823 2747 2040 2814 miseriarum.
2099 2752 2171 2817 Wca

153 2831 262 2909 minis,
284 2841 318 2896 et
338 2825 446 2898 simul.
460 2850 536 2895 cum
546 2829 744 2896 remissione
759 2823 879 2913 culpae
892 2830 1136 2895 asteoniunctu
1184 2833 1246 2894 ista
1264 2830 1328 2909 lits
1348 2830 1403 2893 ein
1419 2825 1520 2911 laben,
1542 2851 1635 2898 went:
1655 2832 1710 2898 die
1730 2839 1890 2919 reponent
1907 2838 2169 2903 saracenatos?

154 2917 307 2983 remissio
334 2936 463 3003 poenae
492 2929 660 2984 aeternae.
705 2912 848 2989 Quando
870 2912 979 2983 Adam
1006 2928 1060 2982 est
1080 2937 1134 2983 re·
1185 2930 1280 2980 vest:
1296 2914 1351 2979 die
1371 2911 1549 3000 disciplina
1571 2928 1711 2984 msam:
1730 2920 1783 3002 ist,
1803 2922 1875 2987 sad
1893 2923 1948 2986 dic
1964 2920 2076 2986 studia
2096 2940 2168 2989 aer·

155 3016 284 3089 ceptus,
307 3024 375 3070 uon
397 3014 451 3069 est
472 3024 549 3070 raus
562 3003 680 3069 mortis
688 3011 861 3067 aeternae:
883 3001 946 3063 das
960 3003 1005 3065 a:
1019 3004 1136 3069 ramis·
1184 3008 1290 3075 aare:
1307 3000 1390 3067 sind
1434 3000 1570 3069 Etiamsi
1585 3002 1679 3071 Deus
1701 3004 2004 3073 sarvatEcelesias
2025 3005 2169 3095 aliquus,

154 3093 205 3157 sio
237 3092 308 3156 irae
341 3090 482 3171 elisione,
511 3087 657 3178 placatio
687 3091 758 3155 irae
783 3085 860 3153 Del.
904 3085 1058 3156 lni'ernus
1082 3103 1137 3157 est
1185 3097 1297 3153 tamen
1317 3085 1400 3153 liunt
1421 3086 1657 3175 squalidiores.
1710 3092 1846 3159 Poenae
1878 3093 2041 3180 praebent
2067 3112 2169 3163 occa·

154 3197 277 3245 sensus
298 3179 367 3243 irae
389 3176 465 3263 Dei,
487 3188 520 3243 et
542 3178 572 3243 si
594 3187 706 3243 manet
726 3175 778 3240 ira
800 3172 881 3255 Dei,
903 3186 1015 3241 manet
1036 3174 1136 3243 inier-
1186 3173 1315 3241 sionem
1356 3176 1523 3260 mesatis,
1566 3190 1705 3262 peecata
1749 3181 1911 3266 praebent
1955 3181 2171 3247 occasionem

153 3286 218 3334 nus
240 3276 274 3332 et
290 3284 421 3353 werrae
440 3276 617 3340 aeternae:
643 3261 690 3325 Er
715 3265 759 3324 itt
779 3260 901 3342 nobb,
922 3262 984 3325 do:
1003 3266 1051 3327 :ie
1067 3286 1136 3328 com
1187 3261 1287 3326 novis
1319 3260 1447 3347 poeuis.
1501 3264 1644 3331 Debetis
1676 3265 1791 3331 maiori
1825 3287 1908 3332 cara
1943 3278 2059 3352 petere
2087 3267 2170 3335 miti·

153 3353 348 3440 purgatorio
369 3359 482 3435 pesnpt
502 3351 613 3431 boden
634 3370 713 3416 ease
734 3348 780 3415 ibi
801 3345 945 3435 aliquam
966 3351 1136 3418 remissio·
1187 3347 1355 3436 gatioum
1387 3369 1587 3433 poenertm,
1619 3353 1712 3419 iuxta
1744 3350 1844 3420 illud:
1883 3354 1997 3436 orare,
2031 3364 2068 3420 a:
2134 3418 2137 3423 .

153 3460 246 3507 nem:
264 3437 359 3504 Deus
382 3442 447 3504 iam
470 3459 537 3504 non
558 3432 701 3524 amplius
724 3434 880 3500 irascitur
902 3436 944 3515 ei,
965 3454 1049 3525 ergo
1067 3457 1135 3504 non
1185 3437 1262 3500 sitis
1281 3439 1428 3517 effluam
1459 3441 1523 3503 ἰετα
1552 3442 1650 3505 mala
1694 3436 1756 3503 Est
1782 3439 1973 3505 mandatum
1995 3437 2069 3506 Filii
2091 3374 2170 3520 m:

154 3538 207 3596 est
227 3525 292 3591 iam
315 3526 501 3591 destinatus
523 3523 668 3589 aeternis
690 3522 823 3608 poeuis,
845 3518 907 3582 den
926 3524 1137 3591 minetPao·
1187 3534 1222 3587 et
1242 3532 1295 3586 est
1315 3521 1491 3605 promissio
1513 3522 1646 3604 addita,
1674 3526 1766 3611 quod
1783 3538 1862 3591 vota
1884 3545 1954 3590 nou
1975 3526 2043 3592 siut
2064 3525 2169 3595 irrita.
2295 3507 2300 3515 ¹

129 3610 220 3693 lus,
241 3613 286 3674 do
307 3619 454 3694 crespi:
479 3610 649 3693 iustificati
665 3609 731 3690 fide
747 3627 862 3689 ρωωι
880 3606 1027 3671 labemur
1047 3608 1137 3693 opud
1186 3602 1230 3671 Et
1246 3602 1313 3672 alio
1336 3604 1414 3673 loco
1437 3610 1556 3695 inquit:
1579 3613 1692 3696 Petite,
1712 3621 1746 3679 et
1765 3613 1942 3697 coemistis.
1980 3609 2078 3681 Deus
2099 3632 2170 3680 ser.

153 3700 266 3781 Deion,
289 3700 322 3765 id
344 3711 409 3778 est,
429 3700 660 3764 remissionem
681 3713 812 3782 poenam
832 3707 991 3761 meritae
1012 3707 1046 3761 at
1068 3694 1137 3762 cul·
1187 3693 1279 3759 vabit
1304 3690 1493 3763 Ecclesiam
1524 3697 1748 3778 invocantem,
1780 3714 1813 3763 et
1844 3698 2005 3785 mitigabit
2038 3696 2170 3767 calami·
2209 3762 2215 3775 ‚

135 3797 229 3874 poe.
272 3785 316 3852 Et
336 3782 581 3852 illud-dictum:
611 3783 647 3865 θῇ
661 3802 758 3873 more,
786 3798 841 3843 m
862 3800 946 3843 mort
968 3790 1033 3851 tara.
1056 3802 1138 3850 con·
1187 3788 1286 3846 tates.
1331 3778 1483 3866 Cogitate
1510 3803 1573 3853 vos
1605 3780 1758 3873 stngdos
1781 3803 1915 3873 quoque
1947 3804 2026 3852 asse
2059 3796 2171 3874 gesta·

211 3873 245 3938 .'t
267 3894 342 3940 cum
364 3873 431 3937 boc
453 3870 543 3938 dicto
565 3868 676 3938 Pauli:
698 3868 867 3951 multati
882 3868 949 3951 fide
960 3868 1138 3955 pacando·
1187 3874 1280 3931 toras
1355 3866 1580 3937 bbativestri:
1602 3874 1661 3939 llir
1675 3879 1883 3954 translatore
1899 3873 2029 3940 :coner
2046 3872 2171 3939 rosta

193 3980 267 4023 m.
956 3976 959 3985 ·
1187 3956 1266 4037 aq!
1364 3956 1514 4024 maren.-
1541 3970 1677 4044 sperate
1696 3969 1808 4025 tamen
1829 3956 1939 4025 Deum
1961 3968 2170 4025 servaturum

244 4042 344 4112 Aliud
366 4056 419 4112 est
439 4058 550 4114 autem
566 4064 677 4133 poena
698 4037 911 4129 temporalia,
937 4043 1016 4130 quia
1041 4039 1138 4110 Deus
1189 4058 1270 4107 ease
1288 4039 1418 4122 studia,
1451 4055 1485 4108 et
1506 4046 1659 4113 daturum
1678 4040 1813 4131 aliquos
1834 4043 1969 4111 :nidulos
1990 4046 2171 4113 invacanti-

156 4134 255 4201 etiam
273 4129 461 4199 scelesta-
483 4143 518 4198 et
539 4126 904 4217 sanctospanitinbac
922 4131 1003 4209 vita,
1025 4148 1137 4216 quam·
1190 4127 1266 4209 bus,
1287 4136 1322 4193 et
1342 4126 1565 4217 uriu'gaturum
1587 4150 1726 4217 puram.

157 4241 255 4307 quam
277 4220 404 4306 mitigat
422 4238 561 4305 poenas.
607 4214 762 4284 Psalmus
787 4214 890 4283 dicit:
922 4215 962 4280 s·
987 4217 1138 4301 traquilla·
1472 4234 1475 4239 ·
1595 4288 1598 4295 Ι
1887 4220 1892 4231 ·

156 4313 204 4368 ter
226 4306 437 4368 adsensuri:
457 4305 603 4385 Domina,
630 4305 701 4388 qni:
729 4304 917 4366 sartacteta
944 4303 978 4371 id
1011 4312 1076 4382 esi,
1107 4302 1138 4370 sl
1255 4348 1265 4357 --
1431 4300 1489 4369 EX
1516 4301 1626 4369 ΑΗΔ
1654 4300 1929 4372 RHAPSODIA.

157 4412 225 4459 non
250 4391 394 4459 volueris
411 4393 564 4482 mitigare
585 4410 725 4478 poenas,
748 4391 779 4454 si
799 4388 897 4457 voles
919 4409 1040 4457 serare
1061 4409 1137 4455 eae·
1316 4438 1389 4509 Nm
1409 4449 1489 4509 m
1506 4442 1694 4527 mm
1710 4444 1881 4527 mmm
1901 4444 2064 4513 m,

158 4479 215 4565 qui
236 4479 402 4556 iodicium,
423 4497 521 4546 nemo
542 4481 663 4563 poterit
676 4474 854 4544 sosanna
884 4473 979 4545 ltem:
1001 4475 1139 4539 Domina
1321 4525 1430 4604 ow
1705 4540 1708 4545 ,

157 4569 191 4627 a‘n
220 4566 272 4627 irc
292 4564 530 4629 misericordius
549 4562 747 4629 recorderis:
778 4560 876 4628 Deua
903 4562 1032 4715 miiiqat
1058 4583 1138 4648 poe·
1359 4534 1656 4696 mamm
1675 4532 1795 4612 'mma
1826 4538 1879 4596 m
1896 4548 2056 4615 dmm
2072 4548 2171 4614 ΡΜ·

159 4670 221 4717 nas
243 4653 381 4732 sanctis,
403 4652 459 4739 qul
481 4663 733 4719 convertuntur.
776 4647 962 4717 Conversio
996 4659 1139 4735 rupetra:

158 4737 394 4824 mitigationem
425 4759 616 4824 poenarum.
664 4735 776 4803 David
808 4746 860 4801 est
893 4737 1028 4825 punitus
1060 4745 1139 4822 post
1317 4703 1406 4785 &9⁰
1426 4721 1492 4769 Μ
1508 4708 1597 4768 '⁶⁰¹⁰
1613 4704 1682 4809 Μ’,

158 4834 330 4911 paccatum
353 4824 504 4892 borriblli
525 4844 648 4912 poena,
672 4836 705 4889 et
726 4841 843 4888 omnes
870 4842 1002 4910 poenum
1009 4866 1021 4902 ,
1052 4842 1138 4909 quaa
1275 4818 1477 4908 Respondeo
1501 4823 1543 4888 ad
1565 4820 1741 4888 Maiorem:
1775 4818 1852 4889 Noa
1879 4830 1967 4889 sumt·
1983 4825 2172 4908 merenda

158 4911 374 4992 sustinemus,
403 4925 482 4978 sunt
503 4909 591 4977 talea
613 4928 753 4997 pesam.
796 4906 903 4973 Etiam
921 4909 1030 4975 sancti
1050 4905 1137 4975 alili·
1186 4912 1357 4993 praemla
1389 4907 1549 4989 boam,
1588 4903 1736 4988 scilicet,
1771 4927 1841 4973 uon
1870 4909 1982 4975 debito
2015 4921 2049 4975 et
2082 4910 2170 4977 iusto
2266 4968 2270 4975 .

65 5056 70 5069 .
123 5040 129 5056 .·
159 5012 294 5086 guntur,
326 4997 404 5084 quia
437 5009 470 5063 et
502 4999 564 5084 ipsi
592 4998 718 5064 liabent
747 4991 827 5100 talia
856 4991 900 5061 ali
983 5007 1138 5097 peccata:
1189 4997 1323 5063 ordina:
1354 5009 1493 5102 aprvato
1524 5006 1634 5062 eutem
1667 4994 1805 5075 ordina,
1838 5006 1931 5102 recte
1951 5008 2171 5082 usurpantur:

141 5083 351 5249 nan:
373 5080 1139 5258 instantissimam
1161 5228 1167 5249 .
1189 5079 2172 5258 ,emesena

338 5286 744 5336 mmmmm.
1836 5292 1876 5341 sa
