4620 5588
140 175 215 253 tat,
780 172 895 243 run
915 171 1022 241 ruso
1043 163 1234 244 sanim
1253 170 1520 241 exuasuon
1774 278 1775 282 Ν
1869 161 1885 240 ἢ
1988 210 1992 223 ·
2104 170 2173 244 tra

141 376 196 432 ost
216 364 365 449 cognitio
375 358 549 448 Evangelii
558 387 575 439 ς,
589 362 655 425 rard
674 384 741 425 aas
763 363 860 426 dana
878 362 1019 445 patraret,
1043 363 1132 429 ride·
1154 368 1158 436 Ι
1179 359 1327 448 loquitur
1354 359 1409 426 hic
1431 361 1596 447 Christus.
1647 359 1750 426 Wemr
1785 363 1866 430 aber
1897 363 1962 430 das
1993 365 2081 431 oiclrt
2112 370 2170 446 titt,

140 450 222 523 licet
245 449 394 535 cognitio
418 451 599 515 rlocttinae.
1153 450 1246 546 patriti
1278 468 1314 513 es
1345 449 1427 513 wolrl
1459 449 1605 534 caprini,
1639 460 1721 513 tunc
1755 451 1879 516 debent
1912 454 2060 537 gaudere
2092 477 2169 520 curn

228 535 360 602 Deinde
382 535 460 601 dicit
483 537 526 603 de
548 535 763 623 symmetria:
784 537 819 601 id
843 547 907 615 est,
929 528 1039 601 ut'fiat
1055 557 1131 601 curn
1155 560 1158 577 ¹
1181 555 1320 620 sponso,
1343 549 1376 600 et
1394 538 1521 620 gratias
1546 535 1622 600 Deo
1643 556 1764 620 agere,
1795 539 1883 622 quod
1907 552 1940 603 et
1962 536 2073 624 aliqua
2095 539 2169 605 hal·

140 624 385 693 moderatione:
420 620 466 683 Es
497 643 581 685 mam
600 622 688 686 siclt
721 644 757 683 za
783 622 847 685 ciel
878 623 1130 701 sesmereia
1180 623 1310 708 cyonia.
1353 623 1465 687 riallon
1487 623 1583 687 idaea
1603 624 1691 688 aicltt
1719 624 1819 689 solbat
1842 625 1982 710 anplicl·
2002 645 2042 692 za
2063 646 2170 712 wopam

142 710 262 779 Mrirrclr
284 730 318 770 za
340 708 403 769 ciel
422 712 581 774 exercitia
601 716 731 790 peretzt:
761 706 853 773 multi
883 706 1052 774 laeserunt
1076 731 1129 773 ra·
1179 709 1325 794 drinpctt.

140 796 332 864 latudinem,
355 807 389 859 ct
400 816 459 859 cor
484 816 543 860 ora
561 808 634 861 sua.
660 795 703 860 Ut
714 793 932 861 Bernhardus
951 797 997 860 ita
1009 798 1130 860 iciuna-
1265 795 1302 860 ln
1325 798 1464 861 eandern
1487 797 1686 860 senteutiam
1718 797 1799 871 dicit
1827 797 1869 861 ad
1899 795 2053 863 Petrum:
2088 799 2170 867 Cum

140 887 201 964 vit,
223 895 258 949 ut
279 882 352 948 eius
374 818 542 949 anhelitus
566 879 677 949 lactus
699 885 743 946 sit
765 884 810 946 ita
834 881 991 961 lbetidus,
1016 896 1129 947 utnon
1179 901 1266 948 ester
1287 884 1418 961 ianior,
1442 882 1593 969 cinpeltoa
1625 891 1657 946 te
1684 884 1808 967 ipsam:
1840 884 1873 947 id
1902 867 1982 963 est,¹
1999 886 2170 953 iuventam

140 969 227 1037 bene
245 969 414 1054 potuerint
434 966 587 1034 homines
618 971 652 1034 in
685 971 874 1055 propinquo
906 966 1000 1033 illurn
1028 971 1129 1035 susti·
1180 969 1395 1034 cohercenda
1417 983 1469 1034 est
1492 970 1713 1055 paedagogia,
1737 971 1802 1034 dat
1822 971 2080 1050 obtexere-tna,
2100 975 2170 1038 aad

88 1049 98 1065 “
139 1076 232 1125 uere.
769 1098 772 1103 -
1178 1056 1302 1121 iustitia
1324 1058 1567 1143 paedagogica.
1611 1056 1693 1121 Alsa
1715 1056 1801 1121 bittit
1823 1057 1930 1122 briter
1950 1070 2119 1143 prpnaqen
2133 1061 2171 1126 iu

228 1139 396 1206 Macarius
417 1138 528 1207 adhuc
550 1141 642 1206 addit
661 1161 762 1207 unurn
783 1139 953 1203 Exercitia
964 1141 1128 1204 hanamal
1178 1143 1242 1206 tuis
1266 1144 1443 1208 exercitiis.
1490 1143 1536 1208 Er
1558 1142 1628 1207 litat
1648 1142 1769 1225 scatit,
1805 1163 1895 1207 worn
1922 1146 2012 1209 einer
2038 1147 2169 1213 marm·

140 1218 207 1292 cam
230 1227 411 1292 dilectione.
458 1226 547 1293 Vidit
568 1231 667 1293 etiarn
701 1229 787 1291 inter
815 1228 1008 1292 Monachos
1037 1248 1128 1309 esse,
1176 1229 1241 1294 lr'clt
1257 1229 1349 1294 lebet.
1392 1230 1462 1296 Sed
1484 1231 1618 1314 quando
1641 1226 1751 1294 lactus
1774 1227 1877 1295 fueris
1899 1234 2025 1312 senior,
2056 1234 2169 1318 cinget

139 1314 278 1383 multum
301 1312 546 1392 aemulationis,
579 1312 715 1393 livoris,
748 1309 1015 1392 malevolentiae,
1049 1316 1126 1380 odii.
1176 1326 1210 1380 te
1230 1313 1328 1394 alius,
1352 1328 1385 1381 et
1408 1318 1523 1393 ducet,
1559 1336 1625 1402 quo
1646 1337 1713 1380 non
1737 1314 1850 1382 voles:
1873 1318 1905 1381 ld
1929 1331 2005 1398 est,
2038 1330 2074 1384 tu
2106 1337 2168 1405 op-

140 1402 245 1473 Slcud
268 1399 349 1466 illud
373 1400 586 1467 Saturninum
608 1421 717 1486 genus
735 1400 905 1465 hominum
923 1398 1126 1467 rnalevolen·
1177 1404 1328 1488 primeris
1351 1399 1464 1469 multis
1486 1415 1519 1468 et
1542 1404 1673 1489 magnis
1690 1401 1877 1482 doloribus,
1899 1405 2079 1483 aerumnis,
2091 1425 2166 1490 per·

138 1489 208 1554 tiae
229 1499 263 1553 et
284 1487 391 1553 livore
413 1485 548 1573 plenum
571 1507 641 1552 est:
669 1487 748 1552 ldeo
776 1487 874 1553 dirlt:
903 1486 969 1568 μετ’
990 1486 1125 1570 ἀγάπηςε
1178 1491 1421 1554 secutionibus.
1475 1493 1510 1556 ln
1542 1486 1608 1554 illis
1630 1504 1776 1573 praesta
1809 1490 1923 1563 tidem,
1962 1493 2169 1577 patientiam,

139 1595 214 1642 cum
238 1571 416 1640 dilectione
434 1594 511 1639 esse
532 1572 627 1640 utilia
649 1573 819 1638 exercitia.
1178 1577 1412 1657 constantiam,
1434 1577 1729 1662 promoverantiarn,
1754 1578 1987 1649 obedientiam,
2019 1591 2053 1645 et
2073 1580 2168 1645 inro-

226 1658 399 1727 Pharisaei
423 1671 457 1726 et
478 1657 632 1748 discipuli
660 1659 818 1725 lohaunis
839 1658 938 1723 laben
960 1659 1024 1721 ciel
1042 1660 1125 1726 ritus
1178 1663 1352 1727 cntionem.
1406 1664 1532 1729 Abram
1559 1664 1583 1728 it
1620 1676 1730 1728 autern
1764 1661 1919 1729 Christus
1952 1664 2052 1730 istam
2086 1685 2169 1732 con·

178 1747 265 1813 lrobt.
310 1747 466 1812 iohannis
488 1748 569 1811 tried
586 1751 633 1808 sie
654 1745 867 1810 umectam
888 1745 987 1810 raom
1010 1746 1052 1812 de
1074 1746 1126 1812 Fi·
1180 1751 1321 1830 cionem,
1344 1760 1377 1815 et
1399 1752 1506 1817 addit:
1566 1771 1635 1816 ano
1655 1751 1783 1816 immitit
1804 1752 2045 1837 commissuras,
2067 1750 2132 1819 etc.

153 1834 270 1913 ‘oDei,
282 1845 315 1899 et
326 1835 415 1920 quod
427 1831 483 1899 illa
494 1835 666 1911 exercitia,
680 1834 746 1899 sint
758 1833 930 1899 exercitia:
942 1833 1003 1898 scd
1015 1844 1126 1899 tarnen

137 1942 206 1989 non
227 1922 446 1986 sint‘iustitia.
477 1918 649 1986 Pharisaei
691 1916 744 1985 lus
760 1919 948 1986 habuerunt
966 1940 1126 1985 errorum.

136 2006 302 2076 Mirantur
313 2007 413 2094 igitur
423 1942 959 2093 unique,curclnstusrattanon
968 2006 1126 2083 instituat
1150 2027 1157 2152 Ι

138 2096 204 2163 Sed
237 2093 303 2160 lroc
336 2114 403 2159 non
437 2103 489 2159 est
522 2092 668 2159 alliciam
697 2092 834 2159 Christi.
877 2089 1031 2158 osticium
1054 2089 1127 2156 Filii

1334 2080 1446 2187 Quid
1476 2082 1680 2196 signifieat
1711 2079 2009 2170 Commissural

2 2176 4 2180 ’
136 2178 204 2249 Dei
233 2191 303 2260 est,
327 2181 523 2266 praedicare
545 2176 782 2267 Evangeliumt
811 2191 848 2246 ut
875 2191 928 2244 est
952 2180 986 2244 in
1008 2176 1126 2246 Esaia:

137 2267 194 2333 Aa
213 2266 461 2331 annuntiandam
476 2267 719 2349 redemptionem
730 2269 863 2349 captivit
874 2268 959 2328 misit
969 2287 1025 2331 mc.
1048 2264 1126 2331 Non
1264 2265 1427 2332 Facta·
1480 2267 1525 2333 Es
1545 2268 1590 2333 t'st
1610 2266 1732 2349 melta,
1765 2268 1848 2334 dass
1875 2286 1951 2334 mas
1982 2270 2086 2336 ciuem
2112 2269 2169 2335 vil

137 2368 176 2424 ut
196 2355 240 2420 da
261 2355 402 2427 ieiuulis,
425 2354 586 2440 gradibus
609 2356 761 2421 ciborum
782 2363 906 2421 statuta
925 2350 1045 2419 saciat:
1066 2352 1127 2415 dat
1175 2353 1335 2439 predipea
1357 2355 1399 2418 de
1434 2355 1586 2435 ibertatr,
1619 2374 1709 2418 acmo
1730 2374 1769 2420 cr
1789 2354 1872 2421 nord
1903 2354 1991 2421 nioltt
2012 2355 2071 2421 ltat
2091 2354 2168 2422 sun·

136 2445 182 2509 itt
198 2441 286 2506 aiclrt
308 2445 375 2504 raia
398 2441 624 2508 ministerium.
735 2440 740 2453 '
1158 2440 1369 2507 ‘dementant
1392 2441 1573 2507 doctrinae.
1617 2442 1673 2506 Ad
1685 2442 1871 2506 docendum
1885 2439 2035 2508 homines
2046 2444 2090 2507 de
2101 2464 2168 2510 usa
2246 2462 2259 2477 ’

225 2528 350 2595 Verrunt
373 2526 529 2603 Christus
551 2525 761 2614 respondeus
790 2526 858 2606 eis,
890 2524 1049 2590 discernit
1078 2518 1127 2589 as·
1177 2523 1353 2604 libertatis,
1388 2540 1520 2612 oportet
1540 2528 1681 2612 primurn
1702 2539 1819 2594 tenore
1841 2529 2025 2594 doctrinam
2047 2526 2167 2594 lunda·

138 2615 306 2686 dictiones
327 2616 361 2680 in
382 2611 538 2681 Ecclesia
560 2615 774 2681 necessarias
796 2634 818 2678 a
842 2610 1043 2697 puerilibus,
1071 2607 1127 2675 vel
1178 2614 1293 2679 menti.
1344 2612 1443 2679 Wata
1463 2633 1540 2679 maa
1561 2615 1652 2680 maen
1679 2616 1734 2678 trit
1753 2615 1884 2692 kdrat,
1909 2634 1948 2680 ro
1975 2634 2063 2681 mam
2090 2633 2169 2681 maa

140 2703 239 2771 etiarn
256 2703 501 2787 superstitiosis
521 2702 698 2768 exercitiis.
743 2698 834 2765 Dicit
854 2698 936 2764 arar
949 2700 1128 2779 arpvamm
1176 2699 1435 2765 idn'mdentlicd
1455 2700 1576 2767 terrea
1619 2700 1707 2765 Mart
1726 2721 1815 2767 trusa
1835 2704 1927 2767 cirron
2021 2703 2029 2722 ⁰
2061 2721 2169 2766 anor·

139 2791 286 2862 Maniam
309 2806 375 2853 cam
391 2809 542 2893 ‘motuum
559 2793 756 2892 metentem
776 2785 909 2850 artat.-
930 2784 1023 2848 Demt
1040 2803 1127 2890 marat
1178 2787 1287 2851 dinem
1308 2785 1430 2893 baltea,
1455 2786 1707 2896 ursxrgnopaon
1734 2788 1860 2896 lnquit?
1889 2785 1937 2852 Oi
1957 2795 1988 2852 ὲν
2009 2785 2095 2895 siref
2116 2785 2168 2852 ri·

140 2875 696 3048 wltsstt'tnttf'ttt
713 2869 1127 3040 ιῖἴέωἷᾝᾝῖἒῦῗ
1151 3008 1155 3041 ,
1176 2895 1305 3035 att,
1317 2878 1851 3044 att‘atttttttnw
1862 2881 1988 3027 :titt
2003 2874 2170 3028 Nilirif

139 3052 175 3118 ld
208 3060 274 3127 est,
302 3045 466 3134 Duplioes
499 3061 578 3114 sunt
609 3045 831 3123 afflictionem
864 3044 1026 3131 quaedam
1046 3055 1126 3109 sunt
1178 3048 1305 3132 bergae
1327 3059 1401 3111 erat
1434 3047 1566 3133 quidam
1589 3045 1811 3129 miserhomo
1833 3049 2006 3134 stupidus,
2038 3049 2094 3114 vel
2117 3045 2168 3112 tat
2291 3100 2297 3113 .

140 3137 347 3213 accersitae,
379 3154 465 3218 quae
492 3135 522 3198 si
545 3132 627 3200 fiunt
649 3155 724 3200 curn
746 3131 1000 3216 superstitione,
1021 3152 1057 3193 ra
1080 3138 1126 3192 trt-
1177 3144 1255 3198 tuus
1277 3133 1310 3197 in
1333 3128 1410 3198 aula
1431 3153 1529 3218 quern
1553 3154 1618 3219 ego
1646 3132 1768 3218 optinr'e
1799 3136 1896 3213 novi,
1928 3147 1962 3201 et
1994 3131 2051 3200 alli
2073 3131 2168 3201 multi

164 3242 202 3284 en
228 3218 275 3282 'stc
302 3221 503 3300 panariolis.
549 3219 585 3284 Si
614 3233 693 3286 sunt
725 3220 896 3298 exercitia,
928 3237 965 3279 ro
997 3217 1128 3301 petora
1177 3229 1356 3297 noverunt,
1372 3219 1460 3284 Man
1480 3219 1566 3286 dieta
1590 3215 1646 3284 ida
1667 3219 1790 3286 Harrei
1809 3218 1920 3286 Nam.
1965 3220 1998 3286 Is
2028 3218 2166 3307 diligen·

187 3304 578 3391 retransmittas
604 3292 986 3371 Utilcrerteser'citatio
1009 3304 1127 3367 admo·
1178 3316 1230 3370 ter
1252 3305 1473 3372 sarriebant
1496 3302 1625 3386 culina,
1658 3305 1818 3374 afferebat
1839 3327 1971 3394 aquam,
1992 3319 2027 3372 et
2061 3303 2165 3411 ligna.

142 3397 258 3460 dicam:
286 3390 398 3458 Pietas
429 3416 506 3460 cera
532 3393 626 3460 ledet
687 3394 880 3456 omissionem
902 3389 1003 3462 tam,
1026 3396 1059 3457 ei
1074 3392 1127 3471 ib·
1178 3390 1261 3457 Cum
1284 3403 1406 3458 starem
1436 3395 1479 3458 ad
1513 3405 1638 3458 struent
1671 3389 1851 3481 lignorum,
1881 3395 1975 3478 prius
2008 3393 2168 3460 inlenora

78 3513 80 3517 ⁴
142 3489 232 3547 atrae
253 3486 345 3544 vitae.
391 3479 489 3548 Aliae
512 3492 632 3549 sunta
673 3481 814 3548 lotiones
838 3498 906 3545 non
928 3475 1127 3556 accersitae,
1178 3475 1270 3567 ligna
1292 3499 1417 3566 magno
1437 3477 1556 3546 labore
1577 3477 1783 3559 extrahebat,
1811 3491 1846 3545 at
1868 3482 2002 3566 quando
2024 3480 2166 3545 interro·

141 3581 180 3638 ut
200 3582 279 3636 sunt
301 3569 566 3655 persecutiones,
590 3578 783 3654 paupertas,
795 3578 827 3632 et
838 3564 925 3632 aliae
936 3584 1128 3644 aerumnae,
1151 3572 1155 3650 t
1179 3564 1305 3654 gabant
1321 3567 1431 3650 pueri:
1463 3565 1646 3645 Hmaaleia,
1667 3567 1810 3633 waram
1829 3568 1973 3651 stirpata
1992 3567 2081 3633 aicltt
2101 3584 2169 3632 oca
2194 3582 2198 3592 ’

142 3662 228 3745 qaas
260 3676 404 3722 necesse
436 3665 490 3720 est
522 3652 678 3722 tolerare.
723 3651 894 3739 Pauperes
921 3649 1127 3740 plerumque,
1150 3652 1154 3698 ¹
1178 3651 1259 3718 obas
1278 3651 1403 3719 aaut?
1424 3651 1695 3739 'Respondebam
1729 3654 1784 3718 dia
1816 3653 1917 3719 obers
1934 3651 2037 3739 pelet
2057 3652 2165 3719 tetras

142 3764 212 3810 nou
234 3754 415 3809 accersunt
441 3742 506 3808 sibi
528 3751 777 3828 paupertatem:
809 3743 857 3806 rie
881 3738 1005 3804 aaran
1032 3737 1129 3800 aeta
1150 3705 1155 3785 l
1178 3738 1244 3804 tici
1262 3739 1338 3822 lota,
1355 3739 1409 3805 iol
1428 3741 1483 3805 toll
1502 3741 1557 3806 die
1575 3747 1695 3804 ratas
1713 3739 1832 3805 cordia
1851 3758 1918 3822 aaa
1940 3758 2068 3831 ¹ttamen:
2097 3739 2167 3804 Vo-

130 3828 232 3894 aciclr
254 3849 340 3916 capp,
360 3827 409 3890 alr
431 3850 504 3896 orm.
549 3826 625 3893 Non
648 3839 727 3894 sunt
747 3824 859 3907 multi,
881 3828 936 3915 qnl
959 3823 1128 3892 delectan·
1151 3788 1156 3929 Ι
1177 3822 1273 3891 lebat
1291 3823 1511 3893 difficiliorem
1539 3837 1667 3911 purtem
1688 3821 1820 3891 laboris
1836 3822 2082 3978 gnus-lacere:
2113 3827 2166 3892 slo

143 3927 200 3993 tur
220 3925 429 4002 paupertate.
471 3913 549 3981 Non
569 3910 693 4001 loquor
714 3915 757 3979 de
785 3910 864 3993 illis,
897 3914 954 3998 qui
977 3913 1128 3978 occasio·
1152 3953 1156 3994 ,
1179 3908 1272 3978 rnulti
1295 3908 1420 3979 facium
1443 3914 1541 3978 etiarn
1560 3913 1593 3976 in
1615 3912 1737 3978 stadiis
1758 3925 1792 3978 et
1813 3913 2014 3984 a‘lsrobus.
2036 3909 2167 3978 Volant

144 4023 207 4070 nes
230 4004 389 4087 praebent
413 4021 496 4068 suae
540 4000 715 4087 aupertati.
752 3996 843 4081 ltent,
861 3999 996 4085 quando
1014 3998 1156 4084 perse-l
1231 4018 1318 4064 mam
1353 3996 1548 4065 difficillima
1580 3996 1703 4064 facero.
1760 3997 1861 4064 Wettrt
1892 4001 1982 4066 aiam
2003 4000 2037 4064 in
2065 3998 2166 4065 tortio

144 4104 291 4176 quantur
314 4024 548 4176 nos‘l'yrannl,
573 4083 628 4152 vel
651 4086 783 4174 quando
803 4105 947 4190 corpora
980 4057 1156 4179 inciduntl
1209 4082 1328 4150 ualidis
1349 4087 1403 4151 vil
1423 4082 1605 4170 aafoaprtt,
1627 4084 1697 4150 aad
1717 4084 1775 4152 ltat
1795 4084 2167 4171 oortliaprlmurnatcdt

143 4176 179 4242 in
201 4176 354 4242 morbos:
376 4176 465 4254 item,
487 4175 620 4263 quando
643 4173 800 4240 accidunt
814 4170 871 4239 ulit
887 4190 989 4237 casus
1002 4170 1129 4252 tristes,
1153 4184 1156 4213 ¹
1176 4169 1305 4258 pellan,
1327 4172 1358 4238 b
1378 4169 1460 4239 nihil
1482 4169 1571 4238 lacit
1615 4171 1663 4239 Er
1682 4191 1769 4239 atara
1789 4175 1843 4240 eia
1864 4169 2169 4260 Drsporaentttct
2236 4206 2239 4212 Δ

144 4274 182 4331 ut
205 4262 337 4367 quando
359 4282 415 4328 res
437 4257 608 4328 familiaris
630 4260 716 4347 perit
737 4255 849 4339 bellis,
875 4258 1049 4338 incendils,
1071 4278 1129 4323 ra·
1152 4314 1156 4326 ,
1176 4257 1287 4346 polea

144 4348 355 4417 stationibus.
915 4361 920 4368 ’
1266 4343 1317 4411 lta
1336 4345 1393 4420 hle
1415 4342 1570 4413 cbristus
1588 4344 1687 4410 dlclt:
1720 4344 1767 4412 Er
1796 4345 1843 4413 at
1859 4345 1977 4434 Malu,
2003 4345 2069 4412 das
2088 4361 2168 4410 mas

109 4494 113 4501 ,
173 4440 176 4447 “
232 4432 301 4500 lsta
323 4454 406 4519 ergo
427 4453 496 4498 non
517 4430 696 4512 accersita,
728 4442 807 4498 snut
840 4425 1061 4510 afflictiones,
1094 4428 1128 4495 lu
1180 4432 1235 4498 mil
1253 4433 1306 4497 tia
1326 4451 1394 4498 aeto
1415 4431 1489 4497 tirel
1511 4451 1556 4497 aa
1577 4433 1630 4496 cio
1647 4433 1731 4497 alter
1748 4430 1875 4519 flicken,
1908 4433 1955 4498 lit
1974 4431 2040 4498 lrelt
2059 4429 2165 4500 mat:

145 4522 269 4610 qubus
291 4520 479 4587 exercenda
500 4530 553 4583 est
574 4517 659 4586 tides
680 4523 714 4584 in
737 4514 902 4603 Ecclesia.
939 4514 983 4582 Bt
1006 4512 1129 4584 inillis
1182 4518 1325 4599 Quaado
1343 4520 1451 4584 vinam
1467 4521 1766 4586 moratamittitar
1781 4520 2061 4598 samarcam,
2080 4537 2166 4584 rara·

144 4606 256 4695 placet
275 4607 435 4694 patientia
467 4625 528 4671 seu
550 4606 739 4672 obedientia
759 4603 849 4676 Deo,
877 4605 970 4670 iurta
991 4604 1129 4670 dictum:
1178 4613 1304 4691 psalta·
1323 4613 1435 4686 utrm
1457 4607 1534 4693 quia
1555 4626 1679 4672 novum
1698 4607 1811 4673 vitrum
1833 4602 1953 4685 ferret,
1976 4617 2008 4671 et
2022 4602 2165 4671 balituo·

144 4694 246 4760 Beati
265 4697 321 4778 put
341 4693 457 4776 spent,
490 4692 525 4757 id
557 4703 627 4772 est,
658 4693 714 4781 qui
748 4691 906 4758 obediant
927 4687 1003 4756 Deo
1024 4692 1059 4756 in
1081 4686 1131 4756 al·
1181 4712 1242 4758 soa
1263 4691 1400 4778 spiritus
1418 4693 1541 4780 gignita
1557 4689 1729 4759 'atltalltus
1738 4689 2166 4779 magnialioquin,quando

144 4780 351 4848 dictionibus
373 4800 441 4846 uon
463 4779 649 4845 accersitis.
694 4778 791 4846 lteuu
824 4778 891 4842 Cor
912 4779 1078 4840 mistam
1099 4785 1133 4843 et
1181 4791 1261 4846 sunt
1288 4776 1423 4857 inclusi,
1455 4800 1530 4847 curn
1559 4779 1704 4865 quodam
1735 4779 1858 4865 impetu
1884 4775 2042 4867 fiungaru
2063 4796 2166 4853 naar

144 4868 350 4937 mimam
370 4887 433 4932 non
455 4864 622 4949 «lupicina
665 4863 759 4932 ltem:
777 4864 899 4929 Multae
916 4862 1134 4929 &Matiana
1181 4865 1347 4932 utritlatis
1360 4863 1607 4932 lieridomusto
1626 4864 1774 4934 nonaum
1789 4878 1949 4932 excocto:
1978 4864 2166 4932 Weattmott

145 4959 309 5029 &stanam
330 4953 475 5020 atesim
496 4953 634 5017 manitas
651 4951 1011 5016 divaricationem.
1032 4949 1131 5018 ltaurt
1181 4953 1273 5018 altu
1302 4950 1413 5018 laaretz
1444 4954 1516 5037 wil,
1536 4971 1625 5019 mn
1643 4968 1738 5018 tam
1759 4951 1942 5019 maamad
1961 4951 2050 5019 iim.
2096 4949 2164 5016 Prt-

146 5041 260 5128 i'rape
286 5051 335 5109 est
355 5041 518 5109 Domittat
543 5040 611 5119 aa,
642 5046 700 5126 pttt
730 5038 887 5107 tabulato
917 5047 993 5106 teat
1020 5038 1131 5106 corda.
1182 5060 1270 5106 munt
1291 5037 1540 5107 tmdmtum
1563 5039 1607 5106 do
1625 5039 1841 5124 poenitentia,
1863 5040 1906 5106 de
1919 5037 2165 5116 iustificatione,

146 5126 224 5203 aa
240 5128 360 5217 aeddi
378 5131 423 5207 ad
444 5125 649 5197 afflictiones
674 5147 745 5197 aaa
765 5126 961 5196 ammae
1002 5123 1058 5192 ue
1076 5123 1138 5194 ta«
1182 5123 1315 5193 stallis
1336 5124 1509 5194 beaw
1528 5122 1603 5193 aar
1622 5124 1705 5206 alai,
1731 5125 1778 5194 tle
1806 5125 1883 5194 lide.
1926 5125 2053 5194 Pastas
2078 5120 2168 5194 trial
