4620 5588
167 152 212 219 te
331 148 337 163 '
510 231 524 239 -
805 149 918 217 Pillh.
940 147 1046 217 nnn.
1070 148 1261 217 settim
1280 91 1546 215 mnemon.
1861 175 1868 191 ·
2137 149 2183 215 tt

61 349 64 354 “
168 341 258 407 eicnt
278 338 333 406 hic
355 341 446 417 iubet
468 340 680 405 introducere
703 334 856 418 claudos,
890 357 1026 418 eneces,
1058 339 1152 403 muti·
1175 334 1180 344 '
1201 339 1307 405 mee
1327 339 1384 403 diu
1405 358 1426 403 σ
1447 338 1665 404 commatibus
1695 316 1867 403 mammis:
1897 342 1981 405 bam
2006 357 2183 405 commotu·

18 2740 20 2745 ’
50 2740 67 2799 ί

167 422 231 494 los.
285 426 378 492 llaec
405 440 525 511 postea
552 422 808 510 explicabimus3
841 426 933 509 prius
956 422 1152 494 Grammati-
1199 429 1383 506 factiosae
1403 423 1549 490 reductio
1569 430 1805 511 temerarium
1826 424 2017 504 ritmorum
2038 434 2094 491 eet.

168 511 256 579 calia
277 512 438 597 quaedam
460 531 677 596 exponemus.
1288 508 1447 574 Homines
1462 507 1596 574 honesti
1614 506 1821 574 delectantur
1837 509 1987 575 honestis
2005 510 2181 586 conviviis,

254 598 396 663 Veteres
418 609 545 662 tantum
567 593 671 662 semel
693 596 832 662 ederunt
864 596 897 660 in
928 596 993 672 die,
1026 606 1059 659 et
1081 595 1151 680 qui·
1200 606 1238 660 ut
1259 605 1441 660 renovetur
1473 606 1505 659 et
1528 607 1744 661 conservetur
1776 595 1928 670 amicitia
1983 593 2082 660 Tales
2105 614 2182 661 con·

167 686 244 751 ilem
277 685 474 771 grandiores
508 695 633 748 tantum
661 694 759 762 natu,
792 694 825 746 et
851 679 1083 759 honestiores,
1116 693 1153 744 ut
1188 688 1340 765 'gressus
1371 681 1511 745 instituti
1532 691 1610 747 suut
1642 683 1675 745 in
1707 681 1845 765 nuptiis,
1858 690 1864 701 “
1878 682 1912 747 in
1940 682 2183 748 renuntiatione

166 769 354 854 Principes,
376 784 409 834 ct
432 765 487 834 alii
508 768 653 852 primarii
675 768 738 832 viri
759 768 986 834 accubuerunt
1003 785 1150 832 mensae.
1199 765 1374 845 honorum,
1397 768 1430 831 in
1450 763 1574 832 laetitia
1595 765 1740 850 publium.

166 856 205 923 ld
237 857 448 922 nominarunt
480 853 607 930 δεῖπνον,
635 874 777 921 coenatu.
840 853 924 918 Nam
963 853 1053 939 quod
1087 873 1150 918 nos
1286 853 1341 917 Ab
1374 855 1439 919 hnc
1461 872 1566 931 nrore,
1598 872 1660 918 seu
1682 854 1923 918 consuetudine
1944 851 2113 918 hominum
2134 855 2184 917 in·

167 964 256 1009 nunc
283 960 445 1008 vocamus
475 943 659 1023 prandiam,
691 938 739 1004 illi
772 935 986 1024 appellabant
1017 936 1150 1025 ἄριστον,
1182 940 1402 1005 stituentium
1426 938 1591 1018 convivia,
1615 941 1870 1005 consonantium
1890 940 2031 1017 amicos,
2054 951 2087 1003 ct
2104 960 2184 1004 con·

166 1027 225 1094 alii
247 1032 439 1094 tentaculum
460 1039 644 1102 vocarunt3
666 1027 754 1111 quod
776 1026 998 1109 praebebatur
1018 1026 1150 1090 iuniori·
1200 1025 1401 1089 venientium
1422 1026 1585 1090 amicitiae
1606 1037 1639 1089 et
1663 1023 1913 1091 benevolentiae
1924 1045 2061 1103 caussa,
2083 1025 2184 1092 sumit

167 1116 243 1195 bus,
277 1124 309 1178 et
342 1113 522 1196 operariis:
562 1113 650 1176 unde
682 1109 838 1176 fortassis
870 1130 992 1175 nomen
1024 1109 1150 1176 iactum
1199 1130 1311 1177 sermo
1344 1111 1476 1179 divinus
1508 1107 1720 1177 collationem
1759 1131 1822 1176 sen
1855 1108 2059 1193 exenrplum,
2092 1113 2183 1196 quod

167 1215 235 1267 est:
258 1198 335 1285 qula
355 1194 624 1264 adolescentibus
642 1208 677 1262 et
698 1195 888 1284 defatigatis
909 1193 1038 1276 labore,
1067 1198 1150 1282 opti·
1199 1193 1360 1273 transfert
1385 1198 1430 1263 ad
1458 1217 1514 1261 res
1543 1195 1745 1280 spirituales,
1779 1211 1814 1262 ut
1847 1196 1902 1262 hic
1924 1198 2044 1265 dicitur
2066 1195 2183 1262 Pater·

167 1307 255 1353 mum
294 1285 444 1362 videtur,
490 1285 519 1348 si
559 1284 784 1368 praebeantur
823 1285 873 1349 eis
911 1280 1078 1348 ientacula
1117 1294 1151 1350 et
1199 1278 1340 1347 familias
1372 1281 1486 1348 facere
1519 1284 1725 1359 convivium
1756 1297 1791 1349 et
1812 1280 1932 1348 Esaias
1960 1285 2107 1368 loquitur
2141 1283 2184 1347 de

166 1372 318 1460 prandia.
1200 1371 1354 1434 corrvivio
1386 1367 1491 1448 huto,
1523 1368 1636 1454 qualia
1667 1369 1791 1457 fiebant
1823 1369 1912 1454 apud
1943 1383 2077 1438 veteres
2104 1381 2184 1454 post

252 1456 352 1542 Apud
375 1454 562 1522 Germanos
583 1475 651 1520 non
684 1466 738 1519 est
771 1451 887 1523 similis
921 1455 1149 1540 temperantiat
1200 1455 1408 1534 vindemiam,
1433 1475 1508 1519 cum
1528 1475 1614 1521 uvae
1643 1453 1805 1521 collectae
1827 1469 1954 1530 essent,
1983 1458 2071 1521 sicut
2092 1454 2183 1540 apud

167 1545 244 1610 ideo
266 1545 301 1607 ln
322 1542 513 1628 proverbio·
534 1540 668 1607 dicitur:
706 1543 940 1608 Gariannonum
961 1546 1091 1623 wamia,
1117 1547 1150 1623 et
1200 1561 1264 1606 nos
1285 1552 1363 1625 post
1389 1560 1547 1619 massera,
1579 1543 1720 1608 invectis
1741 1541 1907 1628 frugibus,
1928 1541 2080 1608 homines
2102 1562 2183 1605 con-

165 1631 322 1696 imnum
354 1629 494 1710 deontia,
528 1646 592 1694 non
623 1646 722 1693 unum
751 1628 866 1710 fabam
898 1631 1004 1693 nolent
1034 1633 1147 1692 mnia.
1200 1628 1346 1706 veniunt,
1369 1627 1600 1706 convivantur,
1630 1626 1850 1706 laetantur‚a
1877 1641 1934 1694 unt
1955 1631 2083 1714 gratias
2104 1625 2181 1691 Deo

164 1715 356 1801 Antiquitas
377 1711 440 1779 fuit
461 1709 560 1778 valde
580 1723 787 1800 temperans,
808 1712 869 1777 sed
891 1722 1000 1779 tamen
1022 1709 1147 1778 habue·
1199 1733 1261 1797 pro
1295 1713 1462 1798 perceptis
1501 1710 1673 1799 frugibus3
1715 1728 1749 1778 et
1787 1717 1821 1779 in
1852 1650 2010 1783 licclesia
2048 1732 2182 1797 semper

165 1814 244 1868 runt
274 1798 323 1865 illi
356 1798 441 1866 alios
473 1796 624 1877 fructus,
657 1799 778 1884 quibus
810 1818 874 1863 nos
908 1818 1076 1880 caremus3
1115 1810 1149 1863 et
1197 1798 1332 1865 fuerumt
1353 1797 1536 1878 sacrificia,
1568 1803 1602 1865 in
1648 1802 1745 1867 uibus
1766 1797 1910 1867 familiae
1934 1820 2001 1865 uua
2025 1801 2182 1866 connva-

165 1889 286 1975 quibus
330 1907 406 1953 curn
449 1885 591 1970 quadam
640 1886 804 1952 suavitate
846 1896 1026 1970 potuerunt
1068 1903 1148 1950 sese
1200 1887 1330 1950 bantur.
1394 1883 1438 1949 Et
1471 1896 1522 1949 cst
1560 1883 1638 1968 pub
1663 1888 1803 1953 errimus
1835 1887 1919 1953 ritus
1957 1887 2128 1952 institutus
2160 1908 2183 1950 a

165 1973 318 2040 reficere.
1199 1969 1333 2037 Christo
1359 1972 1467 2038 Coeno
1488 1974 1627 2045 Domtnt
1682 1971 1751 2038 Sed
1780 1971 1837 2038 hic
1869 1971 2015 2060 loquitur
2042 1973 2085 2036 de
2107 1983 2181 2037 toto

251 2055 430 2125 Pulchram
463 2067 574 2123 autem
594 2055 661 2122 hoc
682 2053 755 2136 fuit,
783 2056 872 2142 quod
905 2076 1071 2141 uunquam
1099 2052 1148 2120 illi
1198 2056 1379 2123 ministerio
1411 2054 1595 2143 Evangelii.
1649 2056 1742 2126 Dicit
1758 2057 1811 2125 'se
1843 2057 1956 2125 facere
1988 2055 2077 2123 velle
2104 2074 2181 2123 coe·

165 2146 372 2213 eccubcrunt
403 2162 557 2217 mensae,
589 2143 655 2207 nisi
686 2139 784 2207 factis
816 2141 1082 2227 precationibus;
1113 2142 1147 2206 id
1197 2163 1291 2221 nam,
1335 2142 1369 2208 id
1403 2155 1473 2221 cst,
1510 2162 1699 2210 convocare
1737 2142 1860 2211 multos
1897 2146 1941 2211 ud
1984 2144 2181 2211 societatem

165 2229 268 2298 multo
311 2229 419 2316 magis
458 2231 545 2294 inter
585 2225 796 2294 Christianos
834 2229 1036 2294 servandum
1080 2240 1146 2293 est:
1198 2226 1383 2315 Evangelii.
1820 2278 1827 2289 .

166 2319 243 2403 quia
264 2312 390 2382 Paulus
412 2315 535 2401 inquitz'
565 2316 776 2396 Suettilt'catur
807 2318 897 2381 cibas
923 2333 989 2398 per
1010 2317 1147 2396 nabunt,
1283 2311 1527 2381 Adulescentes
1554 2317 1702 2403 cogitent
1735 2319 1833 2383 etiam
1864 2316 1929 2383 hoc
1947 2318 2112 2402 pertinere
2133 2315 2178 2379 ad

164 2414 199 2471 et
215 2404 447 2490 premensem.
503 2398 673 2466 Potuisset
693 2398 788 2465 Dens
821 2412 1012 2466 sustentare
1044 2401 1146 2467 homi·
1198 2397 1310 2467 officia
1327 2400 1551 2480 humanitatis,
1584 2415 1622 2473 ut
1653 2415 1764 2468 ament
1784 2401 1928 2470 honesta
1949 2402 2115 2480 convivia,
2148 2411 2182 2465 et

124 2560 127 2565 ,
163 2510 240 2556 uem
261 2490 334 2554 sine
356 2489 431 2553 cibo
453 2498 486 2552 ct
508 2497 601 2572 potu,
622 2499 680 2553 ant
696 2487 841 2553 condere
862 2506 926 2552 nos
948 2498 984 2551 ut
1005 2488 1147 2553 arbores
1197 2499 1288 2553 reete
1310 2508 1350 2553 se
1370 2490 1413 2552 in·
1426 2489 1468 2552 iis
1489 2502 1625 2575 gerant,
1665 2502 1701 2554 ut
1729 2487 1787 2555 ille
1809 2492 1899 2575 apud
1920 2487 2181 2572 Aristophanem

164 2574 219 2642 vel
240 2572 384 2662 plantas.
429 2572 496 2640 Sed
520 2573 648 2640 creavit
669 2592 749 2655 nos,
783 2584 820 2639 ut
850 2585 988 2637 naturas
1017 2572 1146 2637 ratione
1199 2574 1258 2640 ata
1291 2577 1423 2640 Faciam
1445 2582 1477 2639 te
1499 2575 1697 2656 συμποτικόν,
1718 2576 1752 2640 id
1774 2588 1838 2655 est,
1869 2580 2027 2643 bominac
2050 2592 2182 2641 monem

163 2663 344 2748 praeditas,
377 2671 411 2725 et
432 2655 502 2726 vult
534 2677 598 2724 nos
631 2662 682 2722 sic
710 2660 803 2724 vesci
832 2660 906 2724 cibo
930 2668 964 2722 et
983 2670 1077 2742 potu,
1112 2669 1147 2724 ut
1199 2665 1234 2725 t'n
1265 2667 1425 2726 σωισίσίίσ.
1480 2658 1565 2725 Sunt
1593 2660 1710 2746 aliqui,
1752 2663 1808 2747 qai
1847 2661 1965 2729 nolunt
1996 2661 2109 2727 venire
2138 2658 2182 2722 ad

164 2748 311 2835 quotidie
332 2745 451 2810 harum
471 2764 583 2810 rerum
614 2763 680 2810 usu
712 2745 948 2810 admoneamur
978 2744 1020 2809 de
1041 2744 1146 2830 ipsius
1199 2746 1381 2809 anticorum
1421 2747 1584 2816 convivia,
1624 2749 1722 2812 etiarn
1759 2749 1895 2815 invitati.
1935 2744 2064 2812 ''fales
2104 2754 2183 2810 sunt

158 2832 353 2920 praesentia
375 2843 408 2897 et
430 2832 588 2913 bonitate.
752 2884 754 2889 .
1199 2829 1355 2896 Timones
1379 2844 1413 2895 et
1430 2831 1662 2911 μισάνθρωποι,
1685 2834 1741 2919 qui
1758 2834 1939 2899 ostendunt
1955 2853 1995 2898 se
2012 2831 2183 2917 digniores

251 2916 447 2983 Athenaeus
487 2913 603 2982 laudat
640 2914 729 2981 hunc
773 2935 898 2981 morem
942 2913 1146 2981 Graecorum
1199 2936 1279 2983 esse
1301 2936 1457 2995 carcere,
1490 2939 1588 3003 quam
1612 2921 1868 2985 conversatione
1897 2922 2071 2985 bonorum.
2115 2912 2182 2979 Alii

165 3007 253 3091 apud
275 3003 471 3084 Homerum,
505 3004 594 3088 quod
623 3022 792 3087 nunquam
823 3002 976 3067 assident
998 3021 1146 3080 mensae,
1200 3000 1292 3068 cum'
1308 3004 1474 3069 accedunt
1504 3005 1549 3069 ad
1581 3006 1753 3084 convivia,
1791 3026 1860 3071 non
1893 3007 2035 3084 decore,
2074 3024 2095 3067 n
2140 3021 2184 3067 ue

164 3093 230 3156 uisi
267 3087 427 3156 libatione
467 3100 501 3155 et
532 3085 725 3173 precatione
758 3084 860 3153 faeta.
922 3085 1148 3172 Reprehendit
1198 3089 1350 3154 modeste
1389 3108 1429 3152 se
1460 3101 1602 3175 gerunt,
1645 3091 1850 3177 ingurgitant
1886 3112 2009 3178 magna
2048 3108 2116 3175 poc
2172 3133 2184 3165 ,

164 3177 264 3243 etiam
296 3174 381 3242 alios
420 3175 579 3240 immanes
613 3186 646 3240 et
681 3175 862 3253 barbaros,
904 3175 960 3259 qui
997 3174 1148 3239 assident
1199 3177 1350 3241 rixantur
1367 3195 1442 3241 cnm
1464 3173 1556 3254 aliis,
1584 3177 1763 3243 verberant
1797 3178 1968 3256 convivas,
2000 3177 2184 3262 impingunt

163 3281 301 3329 mensae
323 3263 395 3327 sine
416 3262 627 3347 precatione3
653 3270 687 3325 et
710 3260 790 3324 citat
810 3280 947 3326 versum
969 3258 1147 3324 Simonidis
1200 3260 1383 3327 cantharus
1405 3256 1545 3327 aliorum
1567 3263 1741 3347 capitibus.

43 3391 46 3395 ,
165 3350 207 3415 de
229 3347 372 3434 quadam
394 3347 562 3412 immunda
593 3344 749 3425 muliere,
782 3366 870 3431 quae
902 3346 1083 3412 comederit
1105 3346 1148 3410 de
1285 3343 1387 3413 'falas
1430 3346 1717 3432 reprehenduntur
1760 3349 1852 3414 dicto
1890 3348 2048 3426 Pindari,
2091 3344 2183 3430 quod

165 3432 357 3513 sacrificiis,
390 3447 468 3498 ante
493 3453 568 3499 uam
604 3429 696 3498 facta
729 3443 821 3497 esset
853 3429 1002 3497 oblatio:
1046 3430 1148 3496 ἄθυτα
1199 3428 1358 3497 affirmat
1375 3434 1529 3498 convivio
1569 3436 1749 3500 convenire
1781 3456 1843 3500 seu
1875 3452 2062 3521 congruere
2092 3442 2182 3495 tran·

163 3520 230 3606 ltpcl
248 3525 414 3584 κατεσθίει.
486 3516 549 3584 alis
577 3518 751 3583 harbaries
776 3529 829 3582 est
857 3513 1026 3605 fugienda.
1070 3516 1148 3582 Non
1200 3515 1410 3602 quillitatemt
1444 3529 1606 3608 συμποσίῳ
1628 3529 1737 3607 aptate
1758 3519 1879 3602 ἡσυχία.
1926 3520 2108 3584 Bouneima
2130 3518 2181 3579 de·

165 3619 216 3673 est
236 3606 426 3672 irruendum
448 3605 492 3671 ad
513 3623 661 3670 mensam
681 3625 773 3670 more
790 3605 965 3689 pecudum.
1200 3605 1250 3667 bet
1272 3624 1338 3665 esse
1358 3603 1518 3667 conditum
1538 3615 1643 3668 metae
1664 3606 1833 3670 collatione
1854 3610 2019 3679 sermome,
2054 3612 2084 3668 et
2103 3622 2181 3686 qno·

250 3690 324 3778 Ego
357 3712 425 3757 non
458 3691 574 3756 dubito
601 3710 623 3754 a
650 3688 804 3756 Patribus
838 3701 1010 3776 acceptam
1041 3687 1148 3755 fuisse
1200 3691 1273 3752 dum
1295 3690 1446 3753 modam
1467 3712 1583 3754 mmam
1604 3713 1644 3755 ac
1664 3701 1814 3776 pateam.
1857 3693 1935 3759 Non
1959 3694 2083 3758 debent
2104 3709 2184 3755 esse
2250 3729 2257 3737 -

164 3775 255 3845 illam
288 3776 573 3857 cousuetudinem,
607 3796 706 3861 quam
739 3777 933 3843 observavit
964 3776 1147 3862 antiquitas
1201 3774 1366 3843 clamores
1388 3790 1422 3843 et
1442 3774 1679 3844 altercationes
1700 3781 1734 3844 in
1757 3781 1936 3858 conviviis,
1970 3776 2081 3865 qualia
2112 3772 2185 3841 fue·

164 3865 254 3951 apud
276 3875 395 3951 gentes
427 3861 658 3942 honestiores,
690 3872 725 3929 ut
752 3861 786 3927 in
815 3862 976 3928 conviviis
999 3861 1149 3927 facerent
1199 3874 1277 3929 runt
1309 3861 1552 3930 Centaurorum
1590 3876 1625 3930 et
1659 3864 1876 3951 Lapitharum
1915 3865 2078 3931 convivia.
2133 3858 2185 3925 llli

164 3951 258 4038 prius
274 3951 499 4035 precationem
514 3945 569 4016 vel
584 3946 791 4014 libationem:
814 3947 909 4014 Sicut
928 3948 1025 4013 etiarn
1042 3949 1149 4027 nostri
1200 3947 1335 4016 fuerunt
1356 3970 1374 4014 e
1399 3951 1484 4016 uites
1506 3947 1714 4032 Thessaliae,
1742 3962 1776 4016 ct
1796 3948 1931 4018 iuuerunt
1952 3954 2037 4017 inter
2057 3970 2098 4015 se
2119 3950 2184 4033 pri·

157 4038 309 4127 ,maiores
342 4055 410 4101 non
442 4031 598 4102 solebant
636 4035 789 4100 assidere
816 4035 862 4100 ad
894 4052 1044 4101 marisam
1076 4034 1149 4098 sine
1183 4057 1289 4129 vmum
1310 3971 1406 4114 socil,
1427 4049 1461 4102 et
1483 4038 1627 4121 praedas
1648 4035 1747 4102 simul
1768 4049 1919 4124 agarum.
1952 4035 2078 4102 Postea
2099 4034 2184 4101 cele·

165 4123 369 4210 precatione.
424 4118 612 4188 Voluerunt
633 4118 840 4207 significare,
869 4121 970 4187 vitam
998 4130 1148 4185 nostram
1200 4125 1318 4188 bratae
1339 4132 1418 4206 sunt
1438 4123 1584 4209 nuptiae,
1606 4123 1640 4187 in
1662 4124 1783 4208 quibus
1805 4119 1886 4189 sacti
1901 4134 1980 4189 sunt
1996 4122 2184 4188 discordes.

167 4228 246 4275 esse
268 4230 289 4274 a
310 4206 398 4286 Deo,
420 4219 455 4274 et
475 4227 532 4273 res
552 4203 643 4286 illas,
671 4208 792 4293 quibus
821 4216 1052 4273 sustentantur
1074 4226 1148 4271 cor·
1201 4206 1320 4274 conati
1351 4219 1432 4273 sunt
1464 4228 1583 4294 rapere
1615 4210 1792 4296 coniugam
1825 4209 1976 4287 Pirithoi,
2010 4222 2044 4274 et
2075 4208 2194 4294 perdi.

166 4315 264 4383 pora,
297 4313 375 4363 esse
407 4293 496 4360 dona
517 4292 594 4373 Dei,
622 4305 655 4358 et
683 4313 758 4359 cum
791 4290 889 4359 huius
922 4289 1023 4359 laude
1054 4311 1150 4358 usur·
1201 4295 1320 4360 derunt
1339 4314 1380 4360 se
1401 4306 1522 4360 mutua

165 4381 307 4470 pandas,
327 4378 510 4467 etgratias
532 4380 564 4444 ei
583 4378 735 4529 agendas
757 4397 846 4446 esse.
874 4377 968 4447 llaec
984 4378 1151 4464 pertinent
1287 4379 1452 4446 Homerus
1480 4382 1515 4447 in
1544 4379 1701 4466 Odyssea
1727 4380 1885 4448 describit
1905 4379 1964 4448 illa
1992 4380 2185 4459 certamina,

166 4468 213 4535 ed
233 4467 402 4554 pietatem,
424 4477 457 4530 et
477 4484 590 4531 mores
626 4464 820 4530 armandos.
1201 4464 1312 4552 qualia
1349 4486 1452 4551 saepe
1489 4467 1640 4533 videmus
1672 4470 1707 4532 in
1740 4468 1924 4547 conviviis,
1956 4488 2026 4534 non
2058 4478 2184 4533 tantum

253 4552 378 4619 Postea
409 4562 480 4618 tota
512 4549 691 4638 antiquitas
732 4552 887 4636 probavit
920 4551 1019 4617 etiarn
1060 4549 1151 4618 hunc
1200 4550 1470 4632 adolescentum,
1514 4554 1570 4640 qui
1601 4555 1684 4619 ebrii
1717 4568 1865 4640 pugnant
1902 4553 2089 4633 cantharis,
2123 4553 2186 4618 sed

167 4659 306 4718 morem,
332 4638 422 4725 quod
444 4657 593 4703 marisam
613 4632 817 4704 uoluitesse
838 4634 1015 4704 multorum
1036 4634 1151 4714 simul3
1199 4639 1300 4704 etiam
1333 4658 1467 4718 senum,
1507 4641 1563 4725 qui
1603 4641 1646 4705 de
1679 4641 1822 4726 negotiis
1857 4641 1985 4705 odiosis
2018 4639 2185 4705 interdum

168 4738 314 4812 suntque
335 4718 549 4813 pulcherrimi
570 4722 626 4789 isti
646 4743 785 4791 versus:
1202 4725 1326 4791 tamdiu
1348 4725 1528 4811 disputant,
1549 4727 1659 4791 donec
1679 4723 1911 4792 exulcerentur
1938 4746 2053 4793 eorum
2074 4725 2185 4802 animi,

300 4844 348 4909 οὐ
364 4843 422 4930 397¹
440 4852 637 4927 mom,
658 4849 763 4928 φίλους
783 4842 957 4927 pum„
977 4847 1108 4930 mm
1202 4821 1237 4877 et
1259 4831 1325 4878 non
1347 4811 1421 4876 sine
1453 4832 1574 4900 magna
1601 4813 1784 4878 acerbitate
1805 4832 1827 4877 a
1848 4811 2050 4879 seinvicem
2078 4811 2186 4876 disce·

298 4932 407 5018 a..
428 4929 594 5012 a...
615 4927 669 5009 a
689 4930 746 5018 a
763 4933 826 4995 a·
1202 4895 1841 5063 ⁶r¹·,„r=5:„r0r·¹ertrf.tt
1991 5003 2051 5049 ...
2085 4984 2185 5049 ....

168 5069 297 5149 idest:
329 5074 402 5142 Non
432 5076 560 5154 eportet
589 5070 712 5160 mear
742 5069 792 5135 nel
821 5074 926 5137 smne
958 5073 1054 5135 caros
1080 5070 1151 5136 obr-
1202 5089 1281 5136 esse
1311 5089 1485 5139 commune
1517 5067 1656 5150 foedus,
1687 5082 1721 5135 et
1751 5069 1885 5136 sincera
1916 5071 2076 5137 amicitiae
2108 5068 2185 5135 ideo
