4620 5588
20 224 25 231 ,
150 193 220 264 ῃ
780 190 905 269 'eam
929 189 1035 258 nen.
1056 191 1246 260 semera
1266 188 1532 264 exeeamca
2102 192 2171 265 ³oe

152 379 330 470 scopulos,
353 382 417 449 dara
437 401 512 448 arca
533 385 593 447 aa
613 355 695 449 beat
716 384 874 449 deessem
918 379 1031 448 Credo
1052 380 1137 448 'l'an-
1188 383 1235 451 lbi
1256 385 1302 447 sit
1323 382 1498 470 sepultus(
1528 381 1670 537 'ilphon
1692 398 1746 450 ast
1766 382 1823 448 ille
1846 396 1979 464 ventus,
2000 385 2057 472 qui
2077 396 2170 452 ante-

155 492 228 538 ram
254 491 322 536 non
352 471 415 536 dici
437 468 585 556 aligera
607 470 712 548 tanti,
733 472 793 534 sed
817 489 839 534 a
859 469 951 536 tlmrr
973 470 1007 535 id
1028 481 1138 549 est,a
1190 470 1279 537 cedit
1301 466 1440 551 fulmen,
1463 473 1524 537 der
1617 473 1682 537 leat
1709 471 1863 556 stupidos
1885 470 2008 537 macte
2035 473 2169 559 quaudo

153 554 327 631 saucibuat
347 555 425 642 quia
446 553 580 621 inerunt
602 567 743 635 montes,
767 557 853 621 sicut
875 554 996 641 Alpes,
1012 556 1046 620 in
1068 555 1137 642 qui·
1189 574 1256 622 non
1290 558 1437 638 occidit,
1469 572 1579 624 tamen
1612 555 1693 624 facit
1724 560 1909 634 attonitos,
1932 555 1987 623 rel
2007 560 2168 645 stupidos,

154 645 221 711 lma
243 642 377 710 luerunt
398 639 515 735 lauces
536 643 578 707 ad
602 638 776 707 ulteriores
799 644 965 730 regiones.
1190 642 1383 717 Finxernut.
1406 646 1495 729 qnod
1517 642 1658 732 Typhon
1680 645 1724 708 ibi
1747 645 1808 724 sit,
1829 656 1863 709 at
1883 655 1976 710 motu
1996 664 2058 711 sno
2080 640 2172 711 efflet

242 727 318 816 Ego
340 730 492 795 existimo
513 727 700 811 Decapolin
729 729 851 793 dictam
884 749 962 794 esse
989 739 1055 794 tem
1101 747 1139 793 ra
1190 731 1312 840 ignem.
1356 730 1423 796 Sed
1453 745 1505 796 est
1527 746 1772 796 monumentum
1798 750 1927 815 poenum
1948 730 2116 797 Sodomae
2138 743 2173 798 et

155 814 297 884 Romani
320 815 457 901 imperii.
502 813 638 880 Gadara
663 815 722 879 lat
749 815 833 880 acolt
864 817 983 881 dorcic
1116 823 1138 879 t.
1191 814 1412 882 (remorrhae.
1456 817 1502 883 Ea
1518 817 1619 882 etehet
1641 817 1830 883 nominatim
1854 818 1886 881 in
1908 815 2061 896 historia,
2082 818 2172 905 qaod

155 900 354 970 Gadarenm
388 899 484 968 lacus
517 897 578 966 fuit.
610 904 741 986 putris,
776 903 810 966 in
849 922 946 988 qnam
983 836 1139 967 Christus
1190 904 1264 988 lpse
1287 901 1391 969 Filius
1413 904 1477 969 Dei
1505 901 1603 969 fuerit
1632 914 1791 969 executor
1810 901 1899 968 illius
1920 923 2061 987 poenae.
2106 909 2172 972 De·

218 989 387 1075 ccipitavit
402 1009 539 1075 parces,
560 988 617 1053 hat
640 988 724 1053 cuch
744 990 780 1053 in
801 989 855 1053 die
878 985 1065 1073 Decapolin
1083 1008 1139 1074 pe·
1191 991 1295 1056 raiaco
1317 1010 1359 1056 ec
1417 993 1444 1055 tt
1464 993 1566 1075 ipram
1588 1013 1611 1056 c
1632 989 1785 1057 Hermae:
1812 991 1901 1075 quod
1922 991 2081 1056 dehemus
2103 1011 2175 1056 ne·

155 1009 244 1142 me
289 1074 479 1141 Damascus
501 1074 601 1140 bodie
623 1087 676 1139 est
699 1074 827 1141 llorens
850 1076 943 1153 urbs,
965 1084 999 1139 et
1020 1088 1073 1140 est
1094 1075 1139 1138 ibi
1191 1078 1341 1142 minuisse.
1415 1090 1447 1141 st
1469 1078 1703 1154 testimoninm,
1729 1078 1819 1161 quod
1841 1074 1925 1155 λόγος
1947 1077 1991 1141 sit
2012 1097 2171 1162 musone,

157 1160 395 1230 celeberrimus
424 1174 609 1240 increatus,
636 1174 669 1226 et
695 1160 777 1225 liunt
804 1162 849 1227 ibi
882 1163 1006 1247 optima
1035 1157 1139 1225 ferra·
1191 1163 1238 1227 dc
1259 1182 1297 1226 er·
1318 1165 1375 1227 mit
1396 1165 1465 1229 dent
1490 1164 1654 1230 Abrabam
1675 1182 1790 1248 persen
1806 1161 1881 1241 lect,
1902 1163 2010 1228 mett
2031 1184 2068 1229 er
2085 1159 2171 1245 fort,

156 1259 290 1328 menta,
323 1248 377 1313 dte
398 1248 505 1314 beaten
526 1245 675 1334 lelinpeo:
696 1249 797 1313 habet
818 1268 920 1313 venas
944 1244 1138 1312 metallicas.
1191 1260 1225 1313 et
1246 1247 1335 1314 delet
1354 1249 1545 1315 Sodomam.
1590 1249 1702 1316 Laem
1735 1250 1799 1313 iste
1828 1247 2034 1334 Asphaltites
2065 1251 2173 1315 estin

154 1332 301 1419 Sarepta
334 1335 378 1400 iat
405 1333 488 1399 anch
516 1333 562 1398 da
586 1336 733 1420 pelopen,
756 1335 845 1398 nicht
861 1333 940 1416 fem
963 1355 984 1398 a
1006 1334 1137 1400 Sidone
1190 1332 1303 1401 limine
1324 1334 1478 1414 iudaeae,
1500 1333 1622 1424 longus
1646 1350 1723 1401 octo
1744 1333 1937 1400 miliaribus.

157 1419 298 1506 Sarepta
315 1422 349 1485 id
365 1432 430 1497 eat,
444 1419 687 1499 conflatorium,
698 1423 883 1506 eineeeiper
893 1421 990 1487 hatte.
1023 1420 1140 1485 Omnis

156 1525 269 1572 mmo
291 1505 377 1580 Dei,
407 1508 454 1572 da
485 1509 547 1570 m'r
567 1506 685 1587 hohen,
708 1508 844 1592 ignitus,
870 1518 1034 1658 ριπὶοιιιε
1055 1502 1140 1571 mul·

156 1589 330 1681 dpllciterr
369 1592 427 1658 Dc
447 1591 549 1658 areta
582 1594 645 1660 des
676 1602 770 1673 cort,
814 1592 939 1680 Zarpat
967 1617 976 1658 r
1009 1593 1043 1658 id
1077 1603 1140 1666 est,

157 1679 338 1746 conflatus.
382 1678 532 1744 Verbum
554 1676 617 1746 Dei
639 1681 737 1746 debet
762 1700 840 1745 esse
872 1691 1072 1767 purgatum,
1104 1689 1141 1742 ut

157 1767 1045 1920 iiiiitviiiiiiiirtiii‘iios”⁰3⁰3
1057 1772 1141 1916 tit*

158 1938 230 2005 etet
251 1939 336 2017 dar,
359 1939 424 2004 dor
443 1938 498 2003 tir
529 1937 618 2003 ntem
648 1874 911 2023 {tpteptrtfnwte'
925 1940 978 2004 dte
1005 1938 1140 2003 Anaba-
1215 1924 1327 2029 Quid
1357 1940 1431 2030 est,
1462 1929 1574 2037 quod
1605 1927 1860 2010 nominamus
1890 1924 2153 2014 mhmdumt

159 2027 293 2113 ptlstae,
316 2035 350 2091 et
371 2027 460 2091 sicat
480 2022 538 2090 ille
560 2046 679 2091 sauna
701 2023 838 2091 clamat:
1771 2090 1776 2099 ,

292 2142 414 2211 paulu,
437 2144 515 2211 διώ
565 2140 643 2210 Νοη
670 2145 745 2210 ώσω
765 2146 937 2211 secundnm
958 2146 1130 2229 imperium
1282 2109 1376 2195 opus
1398 2122 1492 2175 extl'ss
1520 2110 1669 2175 ordlnem
1692 2123 1830 2176 naturae
1856 2129 1878 2174 fl
1900 2107 1973 2175 „00
1995 2106 2118 2175 sactum
2139 2121 2178 2176 1Ιῖ

332 2232 488 2297 area
504 2190 724 2318 Wec-
1129 2191 2178 2370 'iiiiitiitt'iiittlitlititltittid

1196 2388 1309 2435 coram
1342 2367 1540 2446 Pharaone;
1582 2368 1650 2436 alia
1692 2380 1771 2436 sunt
1806 2366 1951 2435 exhibita
1983 2365 2178 2447 Zachariae,

247 2455 462 2540 Respondeo.
485 2451 609 2521 Paulas
630 2475 700 2520 uon
722 2452 793 2522 vult
814 2452 888 2522 tolli
900 2456 1145 2522 distinctionem
1195 2456 1367 2536 Abrahae,
1383 2466 1448 2522 etc.

160 2542 380 2622 dominorum,
401 2543 462 2608 sed
484 2538 567 2608 mult
587 2542 722 2608 modum
743 2540 1040 2631 Eleemosynarnm
1063 2538 1145 2608 libe·

161 2646 346 2699 ramesse.
390 2626 619 2695 concionator
629 2649 698 2695 uon
709 2629 809 2695 dehet
818 2631 1064 2715 praescribere,
1075 2648 1145 2695 mo·

15 2743 21 2752 ·
161 2714 239 2794 dum
261 2711 426 2868 einpplis¹3
442 2735 510 2781 non
532 2715 632 2781 dehet
652 2716 860 2802 praecipere,
880 2727 917 2782 tu
939 2716 999 2783 des
1018 2716 1146 2795 decem,

352 2821 372 2867 a

160 2811 196 2867 tn
217 2799 273 2867 20.
427 2818 471 2866 oc
503 2820 627 2888 genere
660 2800 815 2953 operum
831 2800 978 2890 loquitur
1010 2799 1144 2870 Paulus·
1197 2789 1355 2878 Suntne
1387 2790 1512 2875 etiam
1541 2787 1772 2873 testimonia
1803 2788 1856 2873 de
1887 2788 1979 2872 Deo
2017 2788 2179 2872 ordlna·

160 2882 232 2955 Sed
263 2907 333 2954 non
359 2884 451 2955 valet
478 2900 717 2975 consequente
744 2907 766 2954 a
793 2908 862 2955 non
892 2899 1074 2975 praecepto
1100 2887 1145 2954 ad

159 2984 383 3061 praeceptum
426 2973 629 3060 Praeceptor
651 2973 729 3040 Non
745 2976 874 3042 occider
889 2973 1145 3060 mithram,
1566 2943 1625 3030 ria
1655 2941 1804 3058 opera‘l

162 3070 242 3128 aaut
258 3056 486 3129 immutabilia.
529 3064 634 3128 mam
651 3070 730 3148 capt
746 3063 808 3130 der
830 3071 917 3129 terta
939 3062 1060 3130 Sermo
1082 3060 1147 3128 Dei

160 3156 339 3236 purgatus,
358 3144 393 3214 id
414 3161 477 3228 eat,
498 3149 585 3216 bene
605 3149 792 3235 inspectum
814 3151 970 3231 verbnm,
991 3161 1045 3217 est
1067 3169 1146 3216 con·
1285 3149 1336 3213 lta
1357 3146 1442 3214 ordo
1464 3158 1666 3251 tempomm,
1694 3147 1833 3226 messia,
1866 3149 1983 3252 ipsumu
1996 3146 2181 3226 cerebram,

160 3228 296 3300 watto.
1198 3254 1262 3301 sea
1284 3247 1387 3320 caput
1406 3230 1549 3298 hommls
1581 3245 1660 3299 sunt
1687 3230 1786 3319 plena
1807 3244 2004 3299 testimomrs
2026 3228 2183 3338 de'qut

1199 3321 1287 3496 {tit
1306 3319 1726 3480 ‘trabatiana
1745 3319 1937 3486 tilieti}
1962 3328 2184 3472 ittiiiie

159 3567 334 3655 neus
388 3566 757 3675 enema,
815 3567 1147 3675 errarent,
1199 3489 2184 3658 rarettrttttttrtravttemtietii

161 3736 167 3744 ,
586 3725 595 3745 ,
813 3726 822 3745 ,
1068 3723 1070 3726 .
1196 3677 1258 3752 pat
1276 3667 1320 3732 ad
1349 3669 1557 3733 assensionis
1579 3665 1863 3733 confirmationem
1890 3666 1932 3731 de
1960 3664 2184 3751 providentia,

227 3736 282 3869 eb
325 3723 722 3837 Asphaltites,
767 3724 1081 3812 disserunt.
1201 3756 1337 3861 (touque
1374 3752 1509 3904 telesidue
1543 3753 1755 3904 cogitafindtrm
1782 3763 1854 3832 est,
1883 3764 2020 3857 propter
2041 3748 2184 3839 gloriam

247 3924 412 3994 Danant
432 3926 535 3995 stataet
556 3926 620 4007 hie,
641 3924 738 3994 Mare
749 3924 932 3996 Galilaeae.
976 3926 1024 3994 lta
1045 3928 1150 3994 uomi-
1201 3841 1557 3995 Denpltnlpgnpllgepppls
1578 3848 1867 4012 ppptltpeprgrpotss
1879 3855 2183 4010 eullldlelivsocvffi

104 4064 110 4068 .
160 4025 220 4079 nat
240 4010 505 4100 limpidissimum
527 4010 733 4096 iucunde·
754 4014 904 4082 deliciet
926 4011 1149 4094 Genenareth‚
1201 4017 1349 4097 morbos,
1366 4014 1428 4101 gui
1449 4014 1572 4079 dehent
1592 4032 1656 4078 nos
1677 4032 1830 4092 monere,
1857 4009 2057 4077 nouaclum
2079 4022 2115 4075 ut
2136 4009 2183 4074 sl·

160 4100 226 4166 dett
253 4117 331 4166 mun
357 4107 449 4168 roret
475 4111 592 4169 acueret
619 4121 712 4168 mare
732 4098 930 4168 'liberiadia
973 4100 1040 4168 Dte
1060 4099 1151 4168 Stati
1200 4121 1275 4168 mna
1296 4097 1525 4187 diligentiores
1546 4101 1579 4165 in
1605 4101 1816 4185 precatione,
1843 4099 1905 4165 sed
1932 4098 2030 4163 etiam
2058 4110 2184 4181 tempe·

160 4181 333 4265 'libet-ias,
365 4186 425 4254 hat
453 4208 577 4255 uorum
608 4209 731 4256 nomen
764 4187 951 4255 a'l'iberio.
995 4188 1149 4254 Herodes
1200 4188 1376 4254 mutieres.
1420 4182 1552 4251 Recens
1583 4185 1618 4251 in
1639 4183 1792 4251 diarchia
1816 4188 1852 4250 in
1880 4182 2031 4271 profesto
2059 4181 2184 4254 lacobb

160 4270 220 4424 lepti
237 4275 473 4425 gementibus
496 4275 638 4341 dominis
658 4275 852 4360 peheecltelt.
895 4275 1007 4342 Antea
1029 4285 1150 4341 vocata
1200 4275 1280 4340 dum
1307 4273 1525 4341 concionatur
1549 4284 1687 4359 pastor,
1720 4283 1821 4339 ruunt
1853 4269 2025 4357 laquearia
2056 4265 2195 4354 templi.

1459 1703 1539 1787 De
1590 1701 1914 1788 Miraculis

291 2317 381 2405 Erpa
402 2319 487 2384 benc
508 2337 613 2404 opere
632 2337 698 2384 non
719 2326 794 2384 rant
814 2319 1012 2384 wesema.

277 4359 414 4440 cereta,
435 4360 469 4424 id
491 4372 554 4441 est,
576 4359 736 4440 Cithara3
771 4362 849 4449 quia
869 4361 987 4429 habuit
1007 4361 1149 4450 figuram
1201 4380 1371 4428 concussa
1389 4370 1497 4426 terrae
1518 4370 1620 4440 motu,
1633 4370 1667 4424 et
1687 4357 1876 4446 opprimunt
1897 4368 2079 4443 pastore,
2089 4365 2123 4421 et
2142 4353 2185 4421 16

161 4444 320 4514 citharae.
350 4443 503 4512 Galilaea
523 4458 574 4513 est
596 4447 711 4516 adhuc
732 4449 989 4516 amoenissimus
1010 4460 1158 4534 emerus..
1202 4447 1364 4514 homines.
1388 4444 1443 4512 Ali
1467 4448 1501 4511 ui
1522 4443 1727 4533 effugerunt,
1757 4447 1813 4530 qui
1835 4457 1944 4509 tamen
1972 4443 2071 4509 etiam
2096 4437 2186 4520 laeai

160 4530 238 4599 Non
260 4543 315 4598 est
335 4531 432 4602 lacus
455 4532 666 4617 Gadarenus,
688 4537 750 4601 der
770 4536 815 4603 iet
833 4536 913 4603 aber
934 4537 998 4603 den
1012 4536 1149 4608 Imdctt,
1203 4547 1294 4615 aunt,
1317 4553 1357 4599 ru
1381 4535 1424 4599 tis
1481 4532 1625 4619 pidtbus.
1668 4529 1824 4598 Sedecim
1844 4526 1909 4609 illi,
1959 4530 1993 4595 ui
2018 4539 2100 4597 sunt
2124 4549 2185 4614 op·

161 4638 283 4688 versus
304 4617 470 4686 ituraeam
490 4632 543 4689 est
566 4617 662 4688 lacus
683 4618 841 4689 foetidus.
884 4622 1009 4690 Postea
1029 4641 1150 4688 rursus
1202 4622 1324 4707 pressi,
1360 4630 1480 4685 uerunt
1502 4615 1659 4685 collocati
1679 4619 1713 4684 in
1734 4638 1836 4684 unum
1854 4636 1915 4702 sep
1952 4635 2056 4683 crum·
2101 4615 2185 4681 Poe·

160 4716 215 4774 eat
234 4703 321 4775 aliua
351 4703 451 4775 lacem
470 4705 703 4794 asphaltites,
737 4709 794 4796 qui
815 4723 870 4776 eat
901 4707 999 4776 lacus
1053 4706 1151 4776 lenus
1202 4719 1256 4774 eat
1278 4707 1377 4774 nobie
1399 4702 1541 4793 singulis
1563 4706 1727 4772 accidere.
1770 4701 1866 4769 'lulla
1891 4697 2047 4788 example
2073 4703 2185 4769 consi·

160 4789 349 4879 sulpharts=
364 4788 484 4869 ‚metue
507 4813 548 4860 ex
570 4795 740 4863 cineribus
760 4793 931 4864 Sodomae
952 4807 987 4864 et
1062 4815 1152 4862 mor-
1203 4796 1371 4872 daremus,
1394 4793 1490 4878 proci
1509 4787 1697 4878 Penelopes
1718 4791 1848 4856 rident:
1874 4789 1922 4855 dc
1949 4788 2014 4855 dat
2033 4787 2103 4855 etat
2123 4806 2194 4857 aaa.

161 4873 257 4945 mae.
285 4877 385 4948 Unde
407 4883 548 4950 dicitnrt
567 4880 625 4965 Ab
647 4882 734 4951 met
753 4890 786 4948 et
806 4880 901 4963 Pale,
920 4883 955 4950 id
976 4893 1042 4966 est,
1062 4881 1152 4971 ignia
1203 4882 1270 4950 dea
1288 4880 1421 4947 toeadea
1443 4885 1588 4986 cpttaptr
1616 4879 1678 4944 sed
1705 4877 1814 4942 rident
1839 4877 1944 4942 mum
1970 4873 2183 4943 Sardonium.

162 4961 333 5032 eccultuar
354 4976 592 5044 emeatneanett
609 4969 658 5036 aie
678 4989 714 5037 ee
735 4987 829 5037 mare
849 4980 1027 5038 mortuum·
1082 4965 1153 5037 Atti
1202 4966 1306 5036 Risus
1328 4966 1525 5046 Sardorum,
1547 4974 1600 5033 est
1619 4964 1724 5031 rietus
1742 4962 1828 5042 oris,
1872 4982 1917 5028 no
1939 4959 2093 5028 homlnea
2113 4981 2185 5026 mo·

161 5048 372 5135 Asphaltites
392 5054 564 5124 deducunt
588 5056 634 5122 ab
654 5052 822 5141 ἄσφαλτος,
843 5054 879 5121 id
900 5067 971 5142 eat,
993 5055 1152 5124 bitumen.
1201 5055 1343 5122 rianmr.
1385 5051 1496 5120 llahet
1515 5069 1637 5119 nomen
1656 5071 1679 5116 a
1700 5048 1831 5116 Sardoa
1850 4982 1975 5115 larba·
2017 5045 2081 5115 Eat
2106 5063 2184 5132 apc-

33 5234 36 5240 A
161 5136 1154 5232 ato,11acaeetapoereaaaeasse9trr,quodltyphou
1203 5136 2183 5224 cammah,merra‚aemamraae‚nm
