4620 5588
184 169 250 267 aaa
869 188 1089 267 noemma
1110 190 1518 305 ummmomuua
2096 145 2206 270 ,ίδοι

184 387 224 453 Si
252 395 346 452 notat
378 387 634 466 dubitationem,
666 396 701 451 et
721 395 877 470 poemata
898 395 978 450 sunt
998 379 1099 471 plena
1118 393 1168 450 ta·
1219 392 1335 451 cenna
1357 377 1506 449 vulnera.
1551 381 1662 451 Credo
1684 384 1846 454 Abrabae
1860 387 2000 475 primum
2031 399 2204 460 commum

181 468 262 538 Eunu
296 471 564 559 disputationum.
626 470 663 537 ln
695 468 866 538 voluntate
899 480 952 536 est
984 470 1167 536 aversioa
1218 489 1298 537 esse
1319 465 1524 555 balsamum,
1556 471 1643 538 sicut
1664 471 1760 539 Noae
1773 511 1775 514 >
1789 473 1935 540 ostendit
1964 474 2091 552 vinum
2126 478 2204 565 quta

182 556 272 636 Deo,
294 569 328 624 et
349 571 500 626 amantes
511 567 622 626 motus
637 553 853 644 multipliccs3
876 556 966 645 quia,
988 567 1166 645 postquam
1217 553 1315 623 Dens
1339 551 1442 623 voluit
1463 575 1524 622 eos
1546 575 1625 624 asse
1641 559 1861 640 madianaei
1882 578 2012 626 summa
2040 562 2204 649 sapientia

183 642 343 714 veluntas
380 656 433 714 est
462 665 584 714 aversa
606 665 628 711 a
649 641 743 724 Deo,
777 642 884 731 diligit
904 644 1045 709 maxima
1077 661 1167 722 sese,
1217 653 1254 708 et
1273 639 1417 794 physica
1443 639 1505 709 luit
1527 664 1632 729 penes
1655 645 1786 712 Patres.
1837 644 1907 713 Cur
1927 647 2040 713 vinnm
2060 646 2203 716 infundi·

182 742 236 798 est
258 750 392 814 secura,
418 730 522 798 babet
543 729 698 798 fiduciam
727 730 796 797 sui:
829 741 877 809 ut,
909 729 1077 795 Antonius
1108 729 1166 796 ad·
1217 736 1270 796 tur
1340 727 1377 794 ld
1403 727 1441 795 iit
1472 729 1750 797 mundificationis
1786 750 1925 811 caussa,
1959 744 1996 798 nt
2027 734 2204 818 prohibeat

181 817 321 883 miratur
340 837 435 895 sese,
462 816 572 891 babet
592 816 746 884 fiduciam
774 836 910 882 suarum
932 814 1067 896 virium,
1094 814 1168 882 vult
1239 811 1509 882 utreiaetionem:
1531 819 1578 884 Ee
1599 819 1729 901 reinipt,
1752 816 1836 885 beist
1854 819 2061 905 putredinem
2072 823 2203 906 dtamen

182 905 386 970 constituere
395 902 638 971 Monarchiam.
675 898 733 969 llla
755 902 887 983 fiducia,
908 902 1081 969 admiratio
1103 901 1167 981 sui,
1216 835 1407 967 Ealsamum
1431 922 1533 988 quare
1554 899 1762 971 infunditur?
1806 906 1997 971 sanationis
2025 904 2083 972 vei
2127 903 2202 975 luti·

181 1000 215 1056 et
237 993 413 1069 securitas,
436 1002 513 1057 sunt
523 992 632 1057 tristia
648 986 798 1056 vulnera.
832 986 990 1056 Similiter
1007 991 1042 1055 in
1064 989 1168 1055 corde
1216 989 1508 1056 nationiscaussa.
1541 987 1733 1057 Balsarnum
1751 1000 1850 1056 sanat
1866 1003 1899 1057 et
1911 989 2068 1097 glutinat:
2089 1014 2203 1061 mnum
2264 995 2271 1007 '

179 1088 259 1141 sunt
279 1075 454 1143 horribilia
473 1073 626 1157 vulnera,
647 1078 692 1142 dc
715 1071 786 1158 ttttt
813 1094 907 1142 morta
933 1095 988 1142 um
1015 1077 1169 1143 οιιιίοδοοοι
1216 1075 1352 1141 mundat
1359 1097 1369 1153 ;
1388 1074 1434 1141 ita
1444 1075 1556 1142 vinnm
1567 1076 1735 1164 significat
1744 1077 2025 1163 praedicationem
2034 1077 2138 1166 nega
2149 1100 2203 1148 ar·

178 1164 251 1229 und
268 1170 316 1230 tat
329 1159 403 1246 teia
425 1168 461 1230 ta
482 1169 555 1233 eine
571 1182 701 1228 summa
718 1163 910 1248 aefussetin
922 1161 1074 1228 Ieremia:
1101 1162 1168 1229 cio
1217 1164 1382 1247 gumentia
1394 1173 1542 1247 peccata.
1570 1160 1763 1231 Balsamum
1775 1163 1944 1250 significat
1953 1165 2203 1254 mitigationem,

179 1249 320 1316 bominis
337 1251 528 1336 peremtum
548 1255 582 1315 et
608 1268 844 1318 acernaacerna.
894 1251 1105 1326 Pereersum,
1131 1248 1167 1313 id
1216 1248 1436 1326 sanationem,
1451 1248 1928 1337 praedicationemEvangelii,
1945 1262 2120 1318 sanantem
2130 1249 2202 1319 vul·

180 1345 245 1413 est,
267 1348 347 1408 sunt
368 1338 402 1401 in
425 1354 466 1401 eo
488 1333 641 1402 deiectus
659 1345 693 1401 et
714 1335 854 1403 affectus
877 1333 955 1401 maii
969 1337 1166 1402 aberrantes
1215 1352 1307 1399 nera.
1352 1330 1507 1400 Christus
1532 1335 1642 1422 arguit
1664 1347 1804 1421 peccata
1821 1343 1882 1403 mit
1896 1339 2051 1424 befftr'pen
2068 1348 2200 1424 scortea,

179 1418 318 1498 aDeo;
351 1420 438 1489 nlius
469 1432 611 1510 vagatur
631 1419 784 1502 libidine,
817 1419 904 1487 alius
938 1418 1049 1499 aliter3
1079 1422 1168 1488 sicut
1217 1420 1398 1487 cumdicit:
1420 1421 1758 1506 Apttepoem'tenttom.
1791 1421 1846 1502 Et,
1868 1426 2200 1509 Matepattupoeat

177 1506 310 1589 videtis,
333 1510 448 1595 quanti
469 1510 536 1575 sint
557 1505 886 1575 furores-hominum
908 1509 941 1573 in
962 1505 1166 1586 libidinibns,
1215 1509 1355 1589 uncum
1372 1510 1591 1576 annotarunt
1595 1511 1755 1592 motta.
1788 1512 2200 1594 Domacdaoaterpleteb·
2290 1584 2296 1591 ,

177 1595 312 1681 quanda
333 1595 498 1674 incendia,
528 1615 628 1682 quam
657 1596 872 1682 vagabunda,
893 1596 1006 1699 quanti
1029 1595 1096 1661 sint
1117 1590 1165 1660 in·
1216 1596 1289 1660 cot:
1318 1596 1424 1659 Venite
1440 1596 1487 1660 ud
1501 1598 1762 1678 meermanni
1775 1597 1941 1663 taboram
1971 1595 2047 1680 lpse
2061 1596 2199 1664 uultsa-

45 1682 57 1697 ’
176 1683 321 1787 roresin
334 1683 524 1761 ambitione,
547 1678 780 1756 aemulatione,
801 1681 957 1749 avaritia!
992 1683 1165 1749 Ammon
1215 1699 1311 1759 nare,
1331 1690 1365 1747 et
1376 1679 1550 1747 verissime
1561 1691 1659 1746 sanat
1668 1681 1859 1747 inmaximis
1868 1678 2054 1763 doloribus,
2065 1682 2199 1769 quando

175 1769 400 1921 tillidi
421 1765 1164 1942 littiitilibqitittdidtiitib
1213 1765 2239 1945 iiludiititit‘titittiiittiliiiiii·

174 1940 246 2006 odit
263 1938 386 2022 Deum,
407 1941 564 2008 irascitur
573 1939 649 2007 Deo
667 1942 828 2028 punienti,
849 1960 917 2007 uon
935 1952 1048 2026 potest
1066 1960 1163 2007 acce·
1185 1979 1190 2050 Ι
1212 1939 1365 2006 etiamad
1378 1938 1536 2027 Spiritum
1545 1949 1697 2006 sanctum
1709 1941 1956 2008 accommodari
1967 1943 2079 2008 vinum
2090 1937 2202 2009 etbel-

61 2046 64 2052 ·
175 2027 267 2106 dere,
289 2049 358 2094 non
369 2040 534 2113 potestsa
556 2028 723 2094 subiicere
736 2025 823 2094 Deo.
857 2027 951 2096 Haec
964 2038 1043 2094 suut
1053 2027 1162 2093 tristia
1212 2045 1356 2091 samum:
1389 2046 1466 2112 quta
1487 2025 1632 2114 Spiritus
1666 2038 1806 2093 sanctus
1839 2039 1892 2093 est
1921 2025 2043 2095 efficax
2065 2031 2099 2094 in
2122 2046 2200 2097 eon·

175 2109 315 2179 vulnera
333 2115 367 2179 in
384 2127 507 2195 mente,
528 2111 701 2182 voluntate
723 2125 756 2180 et
779 2114 891 2182 corde.
937 2113 1062 2180 Postea
1083 2122 1162 2180 sunt
1212 2114 1311 2181 cicne
1331 2112 1562 2198 poenitentiae,
1586 2125 1619 2178 et
1642 2114 1867 2199 promissione
1884 2116 2022 2202 gratiae.
2194 2160 2196 2167 -

174 2197 243 2266 alia
258 2198 410 2278 vulnera,
430 2220 517 2288 quae
538 2198 661 2288 singuli
677 2202 851 2281 sentimus,
875 2196 1032 2267 videlicet
1054 2199 1162 2266 morbi
1298 2197 1442 2282 imponit
1458 2200 1546 2266 mam
1568 2200 1708 2267 tumauo
1724 2205 1807 2280 auu]
1841 2201 1960 2285 idest,
1992 2200 2117 2288 patitur
2136 2220 2199 2288 pro

175 2298 210 2351 et
231 2307 336 2352 mors.
378 2287 510 2375 Corpus
533 2297 586 2352 est
608 2288 788 2353 obnoxium
810 2287 949 2367 morbis,
971 2299 1005 2353 et
1027 2286 1162 2354 tandem
1212 2284 1324 2366 nobis,
1347 2284 1475 2351 derivat
1495 2287 1530 2351 in
1552 2304 1591 2352 se
1614 2305 1768 2373 poenam,
1792 2306 1890 2372 quam
1913 2307 1976 2352 nos
1998 2287 2106 2352 meriti
2126 2306 2200 2353 era·

174 2370 374 2440 dissolvitur
394 2376 503 2440 anima
525 2395 546 2439 a
568 2393 710 2461 corpore
731 2373 766 2439 in
788 2385 904 2440 morte.
1212 2391 1299 2438 mus.
1343 2370 1426 2437 ltem
1454 2383 1567 2458 portat
1587 2392 1672 2457 nos,
1694 2385 1728 2438 et
1749 2374 1852 2439 donet
1873 2370 1973 2438 nobis
1991 2391 2086 2438 snam
2106 2373 2199 2439 insti·

261 2459 318 2525 Do
344 2460 403 2544 ltpt
431 2478 500 2526 nun
520 2463 582 2527 der
607 2478 681 2527 orm
702 2461 813 2543 ddum,
850 2460 904 2526 dte
930 2460 1071 2541 &dipsa
1102 2478 1161 2525 nn·
1211 2457 1303 2523 tiam
1347 2454 1501 2525 Meritum
1524 2469 1577 2525 est
1598 2458 1715 2544 ipsius,
1735 2478 1804 2524 non
1828 2471 1880 2524 est
1900 2469 2062 2525 nostrum.
2102 2456 2200 2535 Deua

174 2549 343 2629 deebtmea
369 2549 437 2613 taut
458 2549 562 2630 peden
580 2549 742 2631 furabar,
775 2547 937 2612 sacerdos
970 2556 1004 2612 et
1031 2544 1159 2611 Levita.
1212 2542 1331 2631 recipit
1351 2562 1429 2623 nos,
1450 2556 1588 2630 propter
1608 2546 1765 2612 iustitiam
1789 2543 1859 2627 tilii,
1887 2556 1922 2610 et
1943 2545 2045 2612 vestit
2066 2565 2131 2611 nos
2152 2546 2201 2615 iu·

173 2630 323 2720 Uterque
352 2633 520 2720 significat
552 2630 679 2720 legem3
712 2633 774 2699 sad
795 2632 959 2700 sacerdos
994 2630 1162 2719 significat
1211 2631 1301 2697 stitia
1322 2627 1392 2703 filii,
1414 2631 1588 2717 imponens
1599 2651 1664 2719 upa
1680 2628 1820 2698 illiiilio.
1853 2631 1929 2718 lpse
1946 2628 2036 2697 iilius
2053 2628 2199 2701 iumento

174 2720 340 2786 sacrilicia
374 2717 476 2808 legis=
517 2723 605 2787 Aron
632 2726 693 2787 mtt
719 2726 842 2786 aetnam
913 2725 983 2804 fer,
1014 2720 1161 2796 tetiam,
1211 2734 1274 2784 suo
1291 2736 1355 2784 nos
1377 2717 1527 2805 imponit,
1550 2718 1583 2784 id
1606 2729 1671 2800 eet,
1693 2738 1777 2785 suae
1793 2717 1958 2785 humanae
1979 2728 2122 2784 naturae
2141 2720 2201 2805 pa·

173 2805 329 2890 tcboffett,
354 2810 483 2890 ccbsen,
509 2809 609 2889 petet
635 2807 789 2886 sareda,
825 2827 847 2870 n
883 2807 892 2825 '
942 2806 1033 2872 iuvat
1060 2807 1160 2871 istum
1210 2803 1305 2872 tienti
1325 2824 1388 2893 pro
1410 2806 1520 2871 nobis.
1575 2803 1653 2873 lse
1673 2805 1798 2892 pendet
1817 2807 1851 2871 in
1875 2825 1991 2887 cruce,
2013 2813 2048 2869 et
2067 2817 2201 2872 susten·

172 2893 342 2961 miserum.
385 2891 557 2960 Pharisaei
575 2895 749 2979 putabant,
770 2889 843 2959 tolli
860 2902 1037 2980 peccatum
1057 2890 1161 2958 sacri·
1185 2904 1190 3018 Ι
1211 2900 1260 2958 tat
1281 2903 1327 2959 te.
1370 2890 1466 2959 'lunc
1487 2903 1541 2959 est
1599 2891 1644 2961 ud
1665 2893 1859 2973 iumentum,
1882 2893 1970 2977 qnod
1992 2900 2106 2979 gestat
2127 2901 2173 2959 te.

29 3063 32 3068 Ι
173 2978 273 3061 liciis,
296 2981 358 3046 sed
379 2981 537 3067 praeterit
559 2981 740 3048 sacerdos:
758 2980 792 3046 id
815 2990 879 3060 est,
900 2979 1070 3047 sacrificia
1091 2997 1160 3044 non
1185 3040 1189 3061 ,

173 3065 291 3133 iuvant
312 3067 424 3135 istum.
467 3066 587 3134 Levita
605 3077 658 3134 eat
685 3065 805 3133 doctor
834 3064 933 3153 legis.
985 3063 1189 3152 Significat?

174 3150 382 3237 disciplinam
399 3151 578 3236 moralem,
604 3167 638 3233 et
659 3155 819 3222 exercitia
845 3149 1040 3240 disciplinae
1061 3148 1189 3218 etiami
1933 3224 1942 3242 .

173 3242 367 3327 praeterire.
411 3240 497 3308 'lota
522 3243 624 3328 igitur
650 3239 707 3308 lex
734 3238 975 3307 sacriflciomm
1002 3249 1035 3304 et
1064 3237 1189 3304 disci-t
1378 3225 1491 3330 Quid
1519 3225 1721 3337 significat
1751 3225 2043 3310 diversorrumi

174 3324 290 3412 pliuae
309 3349 378 3393 non
399 3328 494 3394 iuvat
525 3329 651 3409 Adam,
690 3348 759 3392 uon
781 3339 879 3393 sanat
913 3326 1079 3393 saucinmr
1112 3324 1163 3392 rte

166 3413 280 3481 ‘bom
301 3413 509 3494 denseleia,
531 3415 628 3502 quasi
649 3412 809 3482 tollerent
829 3423 1017 3499 peccatum,
1040 3424 1073 3479 et
1093 3428 1162 3478 non
1298 3410 1531 3479 Diversorium
1554 3421 1606 3476 est
1628 3405 1801 3489 Ecclesia,
1840 3410 1903 3475 doe
1933 3410 1980 3476 ist
2005 3412 2084 3475 aebr
2109 3412 2202 3494 feias

175 3496 311 3568 ullane
335 3501 395 3568 sed
418 3502 510 3567 venit
531 3501 666 3567 tandem
688 3499 929 3568 Samaritanus.
1212 3496 1369 3565 Christus
1390 3495 1500 3564 salvat
1526 3495 1713 3577 hominem,
1747 3505 1780 3561 et
1801 3496 1848 3561 ita
1880 3493 2008 3561 sulvat:
2040 3505 2077 3562 nt
2098 3507 2199 3564 vocet

171 3618 175 3623 ·
1212 3604 1300 3664 eum,
1323 3584 1411 3649 sicut
1427 3583 1563 3652 dicitnr:
1589 3584 1786 3673 demetenti,
1807 3581 1867 3647 bos
1883 3588 1914 3646 et
1931 3585 2062 3648 maurit.
2098 3581 2201 3651 Nulla

1214 3681 1268 3737 est
1286 3667 1444 3736 Ecclesia
1476 3665 1672 3747 electorum,
1705 3669 1770 3734 nisi
1802 3669 1836 3734 iu
1867 3678 1966 3734 coetu
1987 3680 2198 3736 vocatorum.
2253 3677 2258 3685 '

1070 3767 1074 3775 '
1185 3796 1190 3877 Ι
1212 3755 1307 3823 llaec
1329 3767 1382 3822 est
1403 3776 1524 3843 magna
1546 3753 1735 3822 consolatio
1763 3766 1797 3846 et
1823 3753 1992 3831 doctrlna3
2019 3754 2097 3841 qnia
2119 3754 2203 3836 hinc·

282 3834 419 3938 Quare
450 3836 634 3921 nominat
663 3863 708 3920 pe
739 3832 1065 3922 samaritanum?
1186 3844 1373 3930 ‚aequitum
1417 3842 1485 3910 uod
1507 3842 1688 3909 debeamus
1710 3861 1824 3908 amare
1844 3836 2052 3922 Ecclesiam,
2080 3852 2115 3907 et
2133 3858 2200 3911 not

1212 3931 1398 4019 adiungere
1438 3925 1596 4009 eclesiae,
1617 3948 1695 3994 esse
1705 3929 1740 3993 in
1752 3926 2001 3995 consociatione
2011 3924 2200 4009 Ecclesiae,

259 4018 373 4086 iudaei
393 4017 572 4104 aliquoties
588 4040 664 4086 enm
677 4018 890 4084 nominarunt
906 4017 1162 4084 Samaritannm.
1212 4037 1292 4097 asse
1313 4018 1485 4084 auditores
1511 4017 1626 4095 verbi,
1659 4011 1813 4100 discipuli
1840 4013 1953 4106 verbi,
1986 4015 2071 4081 socii
2103 4011 2199 4080 blial·
2256 4054 2259 4059 -

173 4104 188 4169 l
272 4124 341 4171 non
362 4102 539 4181 refutavit3
571 4107 649 4192 quia
677 4102 808 4192 colligit
835 4101 1028 4172 Ecclesiam
1046 4123 1088 4169 ex
1108 4102 1162 4168 lu·
1212 4105 1318 4183 sterii,
1351 4115 1385 4171 et
1425 4114 1729 4183 sacramentorum,
1773 4098 1953 4187 Baptismi,
1997 4111 2030 4166 et
2073 4118 2200 4169 coenae

240 4192 269 4255 is
290 4201 324 4258 et
346 4192 511 4280 gentibus.
566 4189 649 4258 ltem
680 4193 754 4279 ipse
775 4191 838 4259 suit
874 4209 954 4256 vere
986 4191 1070 4256 civis
1103 4189 1162 4256 Sa·
1212 4189 1357 4257 Domini.
2192 4204 2196 4211 ·

173 4279 319 4358 mariae,
375 4279 487 4345 nando
515 4290 730 4364 conspectus,
749 4289 803 4344 est
827 4298 850 4344 a
876 4276 976 4344 lacob
1008 4288 1106 4344 stans
1127 4277 1162 4342 in

172 4362 330 4444 scalas
385 4363 595 4453 asigniiicat
622 4366 817 4454 mysterium
842 4364 1080 4450 assumptionis
1100 4360 1161 4430 hu·

110 4458 115 4464 '
172 4458 292 4517 manae
319 4462 475 4532 naturae3
509 4452 586 4537 quia
615 4471 658 4518 ex
686 4451 787 4518 lacob
821 4451 972 4517 nascitur
1006 4446 1190 4528 cumensi
1402 4522 1407 4530 ¹
1573 4522 1582 4539 ι
1660 4504 1665 4510 ,
2032 4523 2041 4540 ⁶

172 4533 290 4605 ltcmo:
312 4534 436 4626 Augali
459 4538 679 4618 descendunt,
696 4549 730 4603 et
748 4539 948 4616 ascendunt,
964 4537 998 4602 id
1013 4547 1162 4621 est,tota
1297 4521 1432 4627 Quare
1486 4519 1670 4607 Christus
1717 4535 1841 4605 vocat
1890 4519 2112 4606 Ecclesiam

173 4620 317 4691 salvatio
330 4625 590 4692 etministarium
608 4622 784 4710 Evangelii
798 4635 850 4690 est
863 4621 1113 4690 fundamentum
1126 4622 1161 4686 in
1473 4638 1475 4644 ·
2143 4646 2153 4654 ·

172 4709 259 4794 ipso.
304 4710 484 4776 Praeterea
518 4712 591 4796 ipse
619 4723 671 4777 est
699 4730 779 4777 vere
801 4713 1015 4789 schemmata
1039 4710 1160 4788 idest,
1583 4671 1828 4767 WEWWT

172 4808 291 4865 custos
312 4794 421 4877 Dens,
441 4793 497 4863 vel
519 4807 635 4864 custos
658 4798 802 4864 divinus.
1185 4819 1190 4890 Ι

258 4881 441 4951 Deeeenoi't
460 4887 503 4951 de
523 4885 686 4965 simoenta]
709 4885 834 4964 idest,
862 4878 1063 4949 humiliatur.
1106 4885 1161 4949 In·
1299 4877 1386 4953 Quia
1416 4877 1535 4964 recipit
1573 4897 1692 4945 omues
1730 4890 1930 4965 peccatores
1963 4873 2198 4964 confugiente·

168 4964 282 5051 trude
302 4971 411 5037 cim
439 4978 472 5038 et
493 4975 624 5051 ctam]
679 4969 747 5037 Per
767 4974 872 5037 oleam
905 4965 1056 5056 intelligo
1091 4967 1161 5035 bal·
1210 4966 1255 5033 ad
1276 4962 1407 5046 Filium,
1438 4965 1512 5031 sive
1533 4963 1687 5042 ludaeos,
1720 4967 1795 5033 sive
1827 4977 1955 5054 gentes
2005 4966 2051 5031 Ea
2083 4972 2127 5031 tat
2147 4966 2200 5031 die

170 5072 313 5122 samum
364 5053 412 5121 Er
443 5064 489 5124 tat
507 5064 560 5125 ear
585 5059 724 5125 ΙιοοιδδοΙι
754 5059 834 5142 diac
862 5074 1019 5139 percunt,
1046 5055 1161 5121 datum
1210 5051 1410 5120 universatis
1427 5055 1536 5136 dmin,
1565 5054 1871 5136 Veniteomnesput,
1892 5062 1956 5118 etc.
1989 5049 2087 5118 item:
2108 5053 2199 5118 Beue

170 5136 220 5214 Eli
257 5135 384 5228 popule
424 5153 594 5232 umqum
632 5143 816 5212 remedium
850 5141 1159 5232 praumnastnam
1211 5139 1372 5209 medices
1403 5141 1776 5209 momentaneum
1806 5140 1922 5224 ἰροοιοοο.
1978 5133 2216 5206 Commendat
