4620 5588
37 384 38 388 ¹
157 359 333 441 simulato,
365 373 423 429 aut
451 361 658 446 captationas
685 360 787 427 lucris
814 379 849 427 er
874 361 927 426 soi
953 357 1142 442 frmadiicir

179 448 330 514 escheden
351 449 419 513 und
460 468 527 514 ern,
573 445 671 512 Mens
700 458 752 512 est
780 447 964 531 spectanda
985 448 1019 511 in
1042 448 1142 514 bene·

155 470 257 601 Maiis:
290 533 402 619 epam
433 470 469 600 ii
500 559 531 599 se
558 531 657 613 θυμὸς
688 532 830 620 ἄριστος,
863 531 946 598 bein
972 533 1035 598 der
1055 552 1140 599 we.

159 619 310 686 Consilia
339 619 423 686 baec
450 622 517 686 duo
540 621 647 685 dicta:
679 619 831 685 Hilarem
858 619 1007 685 datorem
1032 621 1142 706 diiipit

155 705 259 785 Deus,
281 717 314 771 et
336 699 423 771 viror
445 708 524 788 ἔχεις
545 717 662 791 χαίρεις
683 704 797 780 διδούς.
830 703 1000 772 Debemus
1022 704 1141 772 laetari

154 792 283 871 officio,
304 813 372 858 non
395 793 587 877 perditione,
608 813 675 858 non
698 789 959 877 profusionibus.
1003 790 1139 860 Dictum

154 877 345 964 Epicharmi
368 876 515 964 loquitur
536 879 578 943 de
600 876 868 964 profusionibus:
897 879 1005 944 inanis
1027 892 1139 945 osten·

154 966 236 1031 tatio
259 987 324 1031 non
348 977 401 1031 est
423 964 651 1032 beneficentia.
695 963 806 1039 Tertia
829 963 955 1045 Gratia,
978 979 1031 1031 est
1053 964 1139 1030 Taa-

154 1054 224 1132 tte,
247 1053 280 1117 id
304 1064 379 1130 est,
402 1052 616 1137 germinans,
639 1053 715 1138 quia
738 1052 839 1117 debet
859 1052 968 1117 redire
989 1050 1139 1119 officium

154 1158 218 1223 pso
250 1136 374 1203 ollicio.
424 1137 517 1202 ilaec
551 1141 760 1225 cogitemus,
792 1147 828 1202 ut
861 1138 1008 1204 sciamus
1029 1137 1139 1204 Deum

154 1225 389 1313 gratitudinem
407 1226 595 1310 requirere,
623 1235 655 1288 et
681 1245 744 1309 pro
766 1223 968 1310 gratitudine
989 1226 1071 1291 dare
1090 1225 1139 1290 in·

154 1313 267 1400 gentis
289 1313 389 1378 bona.
423 1309 544 1397 loseph
566 1313 603 1376 iit
624 1311 824 1396 praecipuus
846 1310 944 1377 iudex
962 1311 996 1378 in
1017 1330 1138 1399 regno,

152 1398 244 1484 quod
278 1408 357 1463 tnnc
384 1394 445 1464 fuit
474 1396 746 1464 florentissimum
775 1396 809 1464 iu
837 1409 909 1465 toto
932 1399 1033 1478 orba,
1061 1418 1137 1484 pro·

110 1498 116 1521 ⁸
151 1495 227 1569 pter
247 1485 404 1569 pietatem
426 1504 506 1569 erga
528 1497 697 1567 parentes.

240 1571 341 1655 Apud
364 1569 539 1658 Virgilium
568 1572 603 1637 iu
626 1569 754 1649 Aetna,
782 1581 838 1640 cst
863 1566 1051 1655 exemplum
1081 1589 1136 1638 cs-

4 1664 11 1677 “
151 1651 317 1722 lebratum
357 1656 400 1723 ds
439 1655 582 1723 liliorum
619 1656 819 1745 gratitudine
851 1676 889 1720 er
966 1668 1135 1744 parentes.

152 1740 231 1809 Duo
252 1741 376 1808 iratres
399 1742 572 1822 Cataraei,
600 1741 725 1810 relictis
747 1745 868 1823 rebus,
910 1745 961 1809 uis
988 1740 1135 1810 humeris

151 1825 318 1899 allevatos
346 1842 504 1915 parentes
539 1827 745 1909 extulerunt,
772 1830 822 1895 eis
853 1830 957 1897 cessit
988 1828 1134 1910 Marma,

150 1911 209 1982 alii
235 1916 405 2001 perierunt
434 1917 468 1982 in
497 1917 663 1983 incendio.
708 1916 756 1984 lta
778 1913 873 1983 Deus
902 1916 1050 1985 ostendit
1069 1916 1134 1982 sibi

148 2001 384 2089 gratitudinem
406 1998 552 2090 placare.
596 2003 705 2069 Vobis
726 2001 879 2072 Dominis
901 1999 1012 2068 adbuc
1034 2022 1136 2070 unum

150 2089 309 2155 narrabo.
352 2085 416 2154 list
435 2087 629 2176 Apologus:
651 2088 811 2157 Rusticus
832 2087 976 2156 faciebat
996 2089 1059 2155 iter
1079 2085 1136 2155 ali

149 2175 255 2262 quod,
278 2171 366 2241 forta
388 2177 421 2241 in
443 2177 592 2243 meridie¹
635 2177 705 2243 iam
727 2175 950 2264 defatigatus,
973 2171 1049 2242 solo
1068 2195 1136 2246 ιο·

142 2261 280 2328 ridiano
302 2259 373 2328 ruit
396 2266 523 2329 cubare
533 2260 784 2349 aliquantisper,
798 2275 832 2330 ct
850 2264 1041 2349 quiescere:
1056 2283 1135 2330 con·

148 2347 237 2413 sidet
257 2350 301 2413 ad
322 2360 472 2430 antrum,
498 2350 531 2416 in
561 2371 628 2437 qno
659 2362 732 2417 erat
759 2348 910 2415 inclusus
928 2367 1071 2437 serpeus
1093 2350 1135 2418 sl

147 2433 253 2511 tiens;
280 2455 357 2499 nam
381 2447 553 2510 ‚venenata
581 2436 706 2503 babent
737 2435 1003 2503 ardentissimam
1037 2435 1132 2502 sitin.

147 2517 299 2604 Serpens
320 2523 414 2587 dicit:
437 2522 525 2588 dabo
548 2524 624 2603 tibi,
651 2525 741 2610 quod
769 2522 805 2586 in
826 2525 949 2591 mundo
972 2531 1026 2589 est
1047 2542 1134 2588 sum·

146 2625 237 2673 mum
258 2610 440 2693 praemium
461 2627 524 2696 pro
545 2629 676 2677 summo
698 2607 1026 2697 beneficio,·quseso
1040 2611 1133 2675 ande

146 2702 202 2759 tas
223 2713 288 2760 me.
322 2690 482 2763 Rusticus
499 2696 532 2763 in
558 2697 619 2763 uit:
648 2696 753 2764 Visne
766 2693 996 2764 mihiservare
1011 2696 1134 2765 iideml

146 2776 304 2847 Affirmat
325 2800 491 2867 serpens,
524 2717 582 2849 iilo
609 2803 685 2850 eum
712 2782 840 2850 amittit
885 2783 968 2849 Mox
989 2801 1133 2870 serpeus

115 2950 124 2966 ὁ
145 2865 181 2933 ln
202 2868 367 2934 rusticum
388 2865 470 2934 facit
490 2870 669 2953 impetumt
692 2869 874 2956 praestabo
897 2871 956 2937 tibi
970 2889 1133 2937 summam

146 2955 307 3041 gratiam,
335 2955 459 3041 inquit,
484 2956 519 3021 id
546 2967 615 3036 est,
643 2958 794 3022 occidam
816 2966 869 3036 te,
899 2958 989 3044 quod
1017 2969 1071 3022 eet
1099 2958 1133 3022 in

145 3041 269 3108 mundo
302 3041 469 3109 usitatum.
534 3042 594 3110 Sic
629 3039 887 3110 Themistoclem
926 3053 1133 3110 servatorem

146 3126 311 3195 Graeciae
338 3125 517 3195 voluerunt
540 3131 706 3197 occidere.
751 3129 810 3196 Sic
835 3125 1022 3210 Miltiades,
1052 3128 1133 3198 libe·

144 3223 239 3282 rator
259 3213 489 3295 Athenarum,
516 3227 669 3284 mortuus
698 3229 751 3283 est
772 3218 806 3283 in
827 3236 977 3283 carcere.
1019 3215 1134 3284 Rusti·

145 3321 209 3407 cus
239 3301 363 3388 inquit:
379 3301 552 3408 ‘Quaesm
578 3324 623 3371 ne
650 3323 827 3408 properem
857 3305 902 3370 sit
929 3303 1047 3408 iudex,
1076 3303 1134 3390 qui

143 3406 294 3543 idid
310 3388 1134 3564 titii‚initialiadimitis-‘t

144 3580 300 3648 sarriens,
319 3564 486 3649 quomodo
514 3560 569 3631 hic
597 3577 712 3650 pereat
740 3566 775 3631 in
802 3585 864 3630 sna
890 3564 999 3630 macie
1024 3560 1133 3631 famei

143 3661 262 3736 postea
279 3652 417 3716 veniunt
439 3651 481 3715 ad
506 3671 621 3717 canem
639 3648 797 3718 vetulum.
832 3649 895 3716 liic
916 3651 1016 3717 index
1033 3651 1133 3717 etiarn

143 3737 289 3802 reiectus
312 3749 373 3803 est.
419 3736 533 3802 'fertio
554 3739 691 3805 ueniunt
716 3739 759 3804 ad
782 3736 934 3823 vulpem,
962 3739 1015 3803 cui
1044 3736 1132 3803 acci·

147 3824 196 3889 dit
223 3824 313 3908 quod
340 3824 506 3908 praedixit
535 3845 696 3911 serpens3
718 3846 796 3892 narn
828 3822 907 3890 huic
935 3825 1034 3890 etiarn
1069 3843 1133 3891 sua

144 3910 269 3976 astutia
290 3907 352 3975 fuit
374 3911 484 3976 exitio.
528 3911 646 3977 liabeo
668 3909 856 3989 consilinm,
877 3911 983 3996 inquit
999 3907 1130 3996 vulpes,

3 4021 6 4027 ¹
144 3997 223 4083 quid
253 3997 349 4061 dabis
379 3997 482 4062 mibi‘l
537 3998 698 4064 Rusticus
726 3998 886 4082 promittit
914 3998 944 4062 ei
973 3994 1131 4083 gallinas,

144 4103 229 4167 ques
252 4103 327 4147 curn
350 4081 483 4149 auferre
506 4082 619 4164 vellet,
632 4086 795 4150 occiditur
812 4085 855 4151 ab
878 4103 983 4150 umore
1002 4085 1129 4149 rustici.

143 4166 194 4233 ita
216 4180 268 4234 est
289 4165 492 4254 ingratitudo
515 4174 603 4257 apud
626 4191 774 4237 summos
796 4171 921 4257 pariter
938 4182 972 4235 et
986 4171 1131 4251 infimae,

57 4316 61 4329 ,
143 4266 187 4320 eb
207 4254 355 4339 inprimis
383 4254 529 4322 inaniis
558 4256 679 4325 domini
706 4270 785 4324 suut
813 4270 873 4324 aut
902 4256 1002 4323 valde
1030 4258 1130 4344 grati,

143 4352 201 4408 aut
224 4337 324 4406 valde
344 4343 475 4427 ingrati.

349 4637 409 4720 Ite,
432 4636 591 4701 ostendite
612 4656 671 4702 ooo
692 4637 929 4703 sacerdotibus.

228 4773 361 4854 Bricirt,
390 4775 557 4839 dicituro
584 4772 725 4859 bepiclrt,
753 4777 817 4840 das
844 4777 889 4840 ist
915 4796 987 4841 eom
1014 4775 1075 4852 1a3
1096 4776 1130 4841 id

141 4871 214 4935 est,
239 4860 343 4925 i'ateri.
390 4860 535 4946 liepirlrt,
557 4863 591 4926 id
614 4873 678 4936 est,
700 4863 927 4940 asseveratio,
957 4858 1130 4927 confessio

142 4966 255 5012 coram
283 4946 375 5024 lieo,
404 4951 445 5011 tle
474 4969 541 5030 qna
562 4949 640 5012 dicit
662 4947 942 5032 Cirrysostamus:
966 4948 1061 5013 Nilrii
1080 4951 1129 5015 iia

140 5034 307 5115 pirrcninnt
327 5036 438 5099 retldii
460 5035 582 5114 Dotem,
601 5042 637 5099 ati
659 5035 820 5116 consessio
841 5035 974 5099 delicti:
1000 5037 1034 5100 itl
1063 5047 1128 5115 est,

141 5127 195 5182 est
223 5113 320 5183 valde
341 5121 416 5186 Deo
445 5118 600 5206 placens,
629 5133 663 5187 et
690 5125 811 5190 bonum
842 5141 929 5205 opus
957 5118 1129 5189 confessio

801 168 914 245 rum
935 168 1042 239 neb.
1063 167 1253 243 sewun
1269 96 1540 242 masenot.

2110 164 2177 241 tm

1192 356 1317 440 delicti,
1340 358 1435 427 Deus
1456 359 1619 447 praecipit
1645 360 1897 442 contritionem,
1922 356 1994 429 vult
2019 380 2084 428 nos
2106 381 2176 429 uon

1191 467 1271 514 esse
1292 442 1387 513 faros
1409 443 1624 533 Cyclopicos.

1320 566 1532 633 Erutmeratio
1551 573 1601 632 ert
1622 566 1780 633 ormam

1321 652 1473 719 Christus
1493 654 1660 740 praecipit
1679 654 1907 719 oatauiosern:

1321 739 1412 827 lirae
1432 742 1598 827 praecipit
1619 743 1895 807 munerationem

1276 877 1376 966 Nego
1411 877 1701 965 consequentiam:
1731 887 1766 943 et
1804 877 1891 944 ratio
1920 888 1992 957 est,
2019 879 2097 965 quia
2131 897 2175 946 ex

1189 964 1282 1049 puris
1304 961 1565 1052 particularibus
1587 960 1668 1030 nibil
1697 963 1861 1068 sequitur:
1892 962 2048 1032 Christus
2076 985 2174 1050 prae·

1190 1051 1270 1137 cipit
1286 1051 1531 1130 ostensionem,
1553 1050 1586 1116 id
1609 1062 1676 1130 est,
1698 1050 1943 1117 adiunctionem
1966 1051 2010 1116 ad
2027 1053 2174 1121 mucre-

1188 1139 1285 1204 rium.
1340 1136 1500 1204 Ostensio
1527 1148 1580 1204 est
1605 1137 1775 1207 adiunctio
1804 1138 1849 1202 ad
1877 1137 2114 1218 ministerium,
2135 1150 2174 1204 ut

1189 1224 1306 1291 audias
1339 1223 1539 1304 conciones,
1570 1234 1668 1309 petas
1703 1218 1967 1304 absolutionem,
2002 1234 2037 1290 et
2066 1224 2174 1293 utaris

1189 1310 1427 1378 Sacrameutis.
1475 1307 1604 1379 Eadem
1632 1309 1775 1376 obiectio
1804 1320 1838 1376 et
1867 1307 1934 1378 boo
1965 1313 2065 1379 modo
2095 1331 2173 1396 pro·

1188 1398 1340 1484 poniturr

1319 1515 1470 1584 Cirtam
1494 1516 1597 1590 ubet,
1617 1525 1655 1583 at
1675 1517 1881 1584 ostesdaam
1901 1535 1963 1583 aar
1982 1515 2174 1586 &wdon-

1318 1604 1490 1769 Gamo,
1515 1696 1565 1756 eet
1590 1692 1733 1757 emendo
1759 1690 1866 1757 morbi
1885 1697 2110 1776 repetam,
2134 1691 2173 1758 id

1360 1785 1420 1858 err,
1442 1777 1649 1843 deliciorum:

1318 1863 1408 1950 Erpa
1429 1863 1628 1930 amaeam
1648 1864 1839 1930 dedamum
1859 1872 1911 1931 ert
1927 1864 2126 1930 accuratio.
2219 1916 2226 1923 .

1274 2000 1479 2088 Respondes
1511 2000 1554 2068 sd
1587 2001 1767 2071 Minorem:
1816 2000 1976 2068 Ostanmo
2014 2019 2083 2067 non
2116 2012 2171 2069 est

1188 2090 1393 2159 numeratio
1429 2086 1644 2170 delictorum,
1675 2089 1736 2155 sed
1774 2099 1828 2156 est
1853 2089 1967 2194 petitio
1999 2087 2172 2161 nubunt

1187 2175 1338 2243 mandari
1366 2195 1388 2240 a
1416 2173 1504 2242 Deo.
1562 2172 1741 2246 Matralia
1769 2175 1871 2242 insen
1898 2174 2103 2256 ministerio,
2137 2184 2173 2245 et

1187 2258 1277 2330 vallo
1297 2262 1346 2330 uti
1363 2261 1528 2329 beneficio
1549 2262 1721 2329 ministerii
1742 2262 1881 2329 instituti
1902 2282 1923 2327 a
1944 2260 2033 2328 Deo.
2077 2258 2172 2331 Chri·

1187 2361 1263 2416 stus
1291 2347 1413 2435 luquit=
1460 2346 1631 2415 ostendite
1661 2369 1720 2415 aas
1755 2348 2001 2416 soomdobbusr
2036 2348 2070 2414 id
2106 2359 2172 2428 eat,

1187 2434 1333 2515 Omnes,
1362 2454 1449 2586 pnes
1476 2455 1541 2522 ego
1563 2456 1664 2515 curo,
1696 2432 1776 2501 volo
1808 2437 1859 2503 ire
1889 2437 1934 2501 ad
1956 2433 2172 2516 Sacerdotem

1186 2521 1280 2588 adira
1300 2521 1367 2587 min
1380 2522 1528 2604 starium,
1545 2523 1663 2589 andus
1683 2521 1799 2601 verba,
1818 2520 1979 2588 adhibere
2000 2523 2030 2586 si
2056 2539 2173 2588 naseu

1186 2608 1378 2677 testimonia
1399 2608 1505 2688 verbi,
1528 2628 1615 2695 quae
1636 2618 1715 2673 sunt
1731 2608 1969 2687 Sacramenta,
1989 2544 2069 2675 volo
2091 2628 2172 2677 asse

1186 2695 1300 2762 socios
1329 2691 1374 2762 et'
1389 2695 1537 2761 membra
1565 2691 1705 2761 visibilis
1726 2691 1920 2776 Ecclesiae,
1955 2714 2025 2775 uon
2054 2694 2172 2782 vagari

1185 2791 1223 2849 ut
1244 2799 1396 2861 errorum,
1418 2781 1475 2867 qui
1495 2778 1624 2851 faciunt
1643 2780 1845 2862 schismata,
1867 2782 2051 2867 dequibus
2072 2802 2172 2848 nemo

1185 2868 1262 2949 soit,
1285 2868 1364 2955 quid
1387 2868 1543 2934 sentiant.
1587 2865 1650 2974 Est
1676 2868 1776 2955 igitur
1796 2867 1888 2974 ‚baec
1914 2869 2081 2936 sententia
2110 2887 2170 2953 op-

1184 2955 1342 3109 MM
1360 2951 1901 3110 „fetidissimis-t
1934 2951 2172 3110 diffluat

1184 3064 1390 3209 intellectus,
1412 3129 1500 3213 quod
1520 3147 1581 3196 noa
1601 3130 1711 3196 mittat
1733 3128 1780 3194 ad
1799 3126 2016 3208 Sacerdotes,
2045 3138 2082 3194 ut
2103 3129 2172 3195 siat

1185 3226 1292 3283 testes
1314 3212 1563 3294 miraculorum,
1584 3217 1703 3282 eodem
1723 3214 1827 3283 redte
1849 3215 1938 3283 siout
1959 3226 1993 3282 et
2008 3213 2065 3282 illa
2083 3214 2172 3300 quod

1185 3302 1300 3370 debeat
1320 3303 1405 3368 dare
1418 3302 1544 3399 dargda,
1565 3303 1673 3372 etium
1685 3302 1806 3369 eodem
1818 3303 1929 3378 redit:
1950 3303 2028 3388 quia
2040 3321 2091 3377 es
2112 3301 2170 3367 ds·

1184 3391 1320 3468 bantur,
1342 3400 1517 3455 messem
1544 3399 1660 3456 testes.
1704 3389 1755 3455 ita
1782 3407 1898 3456 verum
1931 3408 2015 3455 vero
2048 3407 2171 3454 conso·

1185 3487 1260 3544 nate
1282 3474 1386 3541 Falsa
1406 3475 1493 3542 inter
1514 3496 1554 3542 se
1576 3477 1779 3562 discrepant.

1314 3595 1419 3663 Iader
1456 3615 1522 3662 rton
1557 3605 1666 3682 potest
1699 3597 1867 3664 absolvere
1897 3594 1966 3662 aiei
1995 3595 2127 3681 capuita

1314 3702 1691 3838 semiretecta:
1938 3716 1942 3725 r

1314 3857 1404 3944 Erpa
1425 3875 1508 3942 opus
1529 3863 1578 3922 ert
1599 3855 1847 3922 aumantium.

1270 3992 1486 4082 Respondeo.
1530 3993 1627 4083 Nego
1656 3990 1839 4060 Minorem:
1873 3988 2069 4058 Absolreus
2101 4011 2171 4059 nou

1183 4091 1238 4148 est
1258 4082 1377 4165 iudex,
1399 4082 1462 4148 sed
1484 4080 1632 4147 minister
1652 4076 1753 4148 alieni
1773 4079 1936 4159 mandati,
1968 4089 2013 4143 et.
2034 4073 2171 4144 absolu·

1183 4169 1230 4235 tio
1252 4165 1343 4235 vaiet
1364 4168 1493 4235 ratione
1514 4167 1700 4248 ministerii,
1722 4187 1790 4232 non
1812 4167 1942 4232 ratione
1962 4164 2084 4231 iudicii.
2132 4163 2171 4231 ld

1182 4256 1308 4341 probo:
1331 4256 1410 4343 quia
1431 4254 1469 4321 iit
1491 4251 1659 4323 absolutio
1687 4275 1708 4318 a
1737 4249 1870 4330 multis,
1899 4271 1986 4402 pluas
2001 4251 2077 4318 'nos
2105 4250 2170 4336 ipsi

1182 4345 1389 4430 ignoramus.
1434 4341 1632 4428 Gropperus
1653 4342 1700 4407 ita
1721 4341 1874 4406 recitavit
1928 4360 1969 4406 oc
1992 4357 2170 4436 argumen-

1313 4549 1481 4617 Sacerdos
1502 4549 1594 4614 debet
1615 4551 1780 4633 imponere
1801 4542 2073 4629 aatbsactionerns

1312 4636 1392 4703 Non
1416 4642 1529 4742 'potest
1560 4637 1724 4720 imponere
1755 4635 1822 4699 nt'si
1851 4635 1989 4718 capum
2007 4631 2171 4718 praelibas

1313 4724 1561 4895 &Zama
1574 4815 1624 4874 eoi
1644 4828 1686 4874 ec
1705 4779 1870 4875 recture

1267 4946 1483 5034 Respondeo.
1517 4944 1629 5013 Debet
1649 4945 1820 5030 imponere
1842 4940 2117 5022 satisfactionem,
2133 4943 2169 5008 id

1181 5044 1252 5114 est,
1282 5035 1325 5100 tle
1345 5035 1505 5113 notoriis,
1533 5054 1601 5099 non
1629 5028 1719 5097 iilam
1742 5027 2015 5110 satisfactionem,
2037 5029 2080 5095 de
2101 5047 2174 5114 qua
2284 5068 2288 5076 ·

1181 5118 1431 5209 illiloquuutnr‚
1452 5121 1514 5187 sed
1526 5118 1780 5206 castigationem
1800 5115 1903 5201 illam,
1915 5138 2001 5204 quae
2022 5127 2167 5185 estnon
