4620 5588
130 170 198 242 aaa
815 168 1035 269 rosulum
1060 165 1460 239 rmnauruonuuua
2080 168 2150 241 sau

2280 274 2305 331 1

87 337 93 343 ⁵
130 365 269 430 verbum
291 379 499 449 expressum.
544 358 685 433 Quando
713 358 824 425 David
856 360 942 446 rapit
973 357 1112 426 alterius
1163 357 1322 419 laetantur
1342 375 1446 417 onmes
1468 359 1578 420 amici:
1606 356 1639 421 id
1661 368 1727 436 est,
1749 358 1856 424 Amici
1878 354 2046 425 laetantur
2068 360 2145 427 ami·

132 449 323 535 coniugem,
345 469 411 513 non
434 447 534 512 debet
556 446 725 517 dubitare,
747 446 826 532 quio
849 444 1041 530 displiceat:
1069 445 1112 512 Et
1163 465 1278 510 corum
1300 440 1441 527 laetitia3
1475 455 1509 509 ct
1530 455 1668 509 econtra
1692 445 1844 511 ducimus
1866 443 2002 510 dolores
2023 448 2144 513 eunice

131 537 266 621 quaudo
290 534 493 600 convertitur
515 531 558 599 ad
580 532 827 615 poenitentiam,
848 546 883 599 ει
901 553 1112 599 vcracooso-
1162 552 1234 597 rum
1257 531 1354 594 etiam
1371 540 1510 594 nostros
1533 528 1688 607 dolores:
1711 532 1799 615 quia,
1814 544 1850 595 ut
1870 531 2007 610 dicitur,
2031 531 2147 595 Omnia

130 620 256 687 latione
278 622 326 685 eri
351 621 427 700 itur,
451 620 550 684 debet
573 629 665 683 certo
677 629 836 697 statuere,
859 620 950 706 quod
960 618 1110 703 placeat:
1163 619 1331 679 amicorum
1358 624 1430 678 tutti
1457 620 1643 679 commertia:
1678 610 1809 683 scilicet
1837 618 1960 703 gaudia
1989 630 2023 683 et
2053 617 2144 684 dolo

131 722 168 774 ut
189 642 351 773 Ezechiel
369 707 488 793 inquit:
510 705 549 766 Si
561 706 663 784 fecerit
677 712 834 786 peccator
852 726 1026 778 ααααεναα,
1049 725 1111 767 nou
1163 722 1232 767 res:
1262 723 1295 764 es
1316 702 1368 764 sol
1387 702 1458 766 also
1480 722 1566 785 seyr.
1610 703 1653 767 Et
1687 705 1737 770 sic
1760 714 1826 780 est,
1856 705 1912 768 ubi
1936 716 1987 768 est
2019 700 2145 790 aliquid

131 797 294 856 menium
323 801 523 876 peccatorum
551 794 663 872 ipsius.
707 790 778 853 Da:
800 793 876 857 sind
902 793 1003 855 rande
1023 793 1112 853 ltere
1162 791 1289 875 στοργῆς
1311 800 1344 853 ει
1364 785 1525 853 naturalis
1548 790 1715 856 bonitatis.
1760 790 1814 855 Sic
1837 788 1992 854 Christus
2017 792 2145 874 inquit:
2187 836 2191 841 -

131 888 225 945 seori:
248 882 325 967 quia
347 878 520 965 Scriptura
541 880 584 941 ist
595 877 682 940 uicit
692 877 935 959 pauerelwercr.
965 878 1039 946 Nos
1057 880 1110 945 de·
1161 874 1218 935 Illi
1235 878 1290 959 qai
1305 895 1421 938 neeman
1441 883 1512 937 curet
1536 875 1705 949 laetentur,
1735 876 1836 936 detrec
1861 883 1994 957 permeat
2016 875 2144 942 luctari.

131 968 249 1032 bemus
282 966 428 1031 iudicare
458 966 551 1029 iuxta
572 966 712 1031 verbum
745 966 917 1044 traditum,
947 975 980 1031 et
1007 966 1110 1043 seire,
1164 961 1226 1027 Est
1245 957 1421 1027 similitudo
1442 974 1573 1046 sumpta
1584 985 1605 1028 u
1627 964 1764 1046 nuptiis:
1786 982 1872 1022 menn
1885 961 1963 1024 Gott
1974 965 2071 1027 ciuem
2093 967 2145 1026 ein

156 1054 223 1117 uod
243 1051 346 1118 Filius
366 1049 432 1118 Dei
453 1051 496 1116 sit
514 1047 650 1136 legatus
672 1070 786 1115 verax.
819 1049 918 1118 Multi
939 1053 1111 1138 disparent
1161 1055 1253 1130 putes
1263 1047 1421 1109 :titudier’n
1432 1048 1581 1118 redieret,
1593 1047 1747 1127 laetetur,
1764 1061 1797 1112 et
1808 1049 1940 1133 quidem
1950 1050 1983 1113 in
1996 1047 2143 1116 Christo.

132 1073 176 1203 Eo
196 1135 368 1216 electione,
388 1137 456 1201 uad
477 1140 589 1202 missen
609 1136 706 1210 meat,
731 1158 797 1201 ιααε
817 1141 865 1199 eie
886 1156 992 1220 rupea,
1012 1139 1111 1202 reden
1131 1178 1138 1251 Ι
1161 1134 1236 1199 Non
1250 1132 1414 1284 lopuimur
1426 1135 1467 1198 de
1479 1135 1666 1202 hominibus
1678 1133 1870 1220 prophanis,
1893 1133 1984 1200 llicit
1998 1137 2039 1199 de
2051 1133 2143 1201 lacti·

109 1224 287 1306 apoduein
308 1245 368 1287 ααα
390 1225 530 1305 Christo,
552 1223 602 1284 cle
627 1243 684 1307 :ey
710 1243 745 1285 er
764 1224 853 1287 :dett
874 1228 924 1286 ein
944 1223 1110 1307 plautum
1162 1222 1208 1287 tia
1220 1220 1291 1286 Ecc
1304 1222 1516 1305 esiae„quue
1529 1234 1582 1287 est
1595 1221 1696 1301 laeta,
1709 1222 1843 1307 quando
1855 1232 1977 1304 potest.
2000 1222 2142 1294 Quande

131 1311 225 1392 dicer
245 1310 341 1392 lepor.
388 1308 449 1377 lile
469 1309 525 1376 bic
547 1310 644 1376 dicit:
677 1308 753 1373 Noc
776 1315 848 1372 ceti
867 1330 979 1372 vocare
999 1315 1109 1383 tuum,
1162 1308 1299 1373 veniunt
1319 1308 1484 1385 miserico,
1506 1327 1703 1386 aerumnae,
1734 1305 1914 1392 supplicia,
1943 1304 2081 1374 sustinet
2102 1328 2144 1375 ea

130 1397 188 1457 ced
204 1405 394 1480 peccatores
415 1399 460 1460 cd
476 1398 725 1478 poeniteutiam:
768 1399 801 1462 id
823 1411 888 1477 est,
910 1418 978 1462 non
991 1409 1028 1463 ut
1038 1418 1109 1484 per·
1162 1394 1336 1477 patienter,
1358 1403 1391 1459 et
1412 1394 1538 1478 cogitat
1558 1394 1694 1462 dictum:
1727 1393 1945 1456 Huncilicmim‘
1956 1394 2011 1456 uad
2018 1397 2145 1475 potenti

130 1485 343 1550 severentia
365 1482 562 1551 sceleribus·
606 1482 656 1548 lte
684 1481 816 1549 hebetis
844 1484 899 1550 bic
925 1485 1111 1549 docuinam
1161 1498 1254 1543 mnu
1274 1479 1349 1541 Dei.
1392 1478 1535 1558 Potenti,
1556 1479 1687 1547 scilicet
1708 1481 1753 1545 ad
1777 1480 1990 1565 premendum
2012 1493 2045 1545 et
2062 1478 2144 1547 libe-

130 1571 285 1635 traditam
308 1570 350 1635 de
372 1572 478 1657 gratia
508 1581 541 1636 et
572 1569 615 1635 de
642 1571 863 1653 poenitentia,
892 1589 979 1658 quae
1008 1588 1112 1655 saepe
1162 1567 1303 1633 rendum
1324 1561 1380 1632 vel
1397 1566 1610 1632 serrandum.
1642 1565 1713 1631 Erit
1735 1565 1825 1632 aliud
1848 1579 1990 1651 tempus,
2009 1568 2144 1652 quando

131 1654 216 1720 alias
248 1657 431 1740 repetitur,
461 1668 496 1723 et
535 1667 588 1721 est
620 1655 685 1723 Dei
719 1656 884 1724 beneficio
916 1658 951 1723 in
983 1656 1111 1723 nostris
1163 1672 1311 1738 sponsus
1332 1652 1455 1729 aberit:
1489 1665 1570 1719 tunc
1600 1652 1771 1718 habebunt
1793 1649 2028 1719 afflictationes
2058 1655 2143 1721 satis

130 1743 267 1827 scriptis
289 1745 374 1809 bene
394 1740 567 1810 illustrata.
1163 1758 1321 1828 magnas:
1345 1739 1424 1823 quia
1438 1736 1597 1806 Ecclesia
1618 1749 1672 1804 est
1692 1740 1846 1805 subiecta
1863 1738 1964 1805 cruci.

419 1828 422 1873 ἶ
1250 1823 1417 1891 Exercitia
1438 1827 1591 1912 paedago
1617 1826 1669 1890 'ca
1680 1825 1780 1890 cellen
1791 1847 1879 1908 sepa,
1902 1824 2144 1890 diebcbeeidre

1163 1931 1247 1973 cuce:
1267 1910 1334 1973 uad
1355 1911 1530 1993 crdemmp.
1606 1931 1650 1977 on
1671 1913 1818 1998 cogitate
1842 1915 1963 1977 bonum
1982 1931 2062 1978 essa
2082 1913 2144 1978 hos

1164 2000 1284 2065 murem
1305 1998 1432 2075 vivere,
1464 2009 1500 2063 ut
1521 1995 1684 2077 belluam,
1716 1999 1839 2063 debent
1871 2017 1950 2065 esse
1983 1998 2144 2067 exercitia

452 2074 526 2159 De
563 2075 788 2162 Ieiuniis.
1163 2084 1402 2169 temperantiae
1422 2096 1457 2151 et
1482 2080 1652 2163 laborum,
1674 2097 1709 2150 et
1730 2082 1809 2165 alia,
1830 2104 1917 2170 quaec
1937 2097 2078 2169 prosunt
2099 2084 2144 2159 ad

1163 2171 1362 2238 cicurandas
1384 2181 1513 2235 mentes
1534 2183 1569 2236 et
1590 2167 1793 2250 voluntates,
1814 2184 1851 2235 ut
1873 2172 1916 2235 sit
1938 2171 2007 2235 vita
2030 2170 2142 2250 ἠθική-ι

216 2255 314 2322 Nunc
336 2255 428 2322 venit
455 2252 520 2323 alia
551 2256 704 2344 quaestio
734 2253 972 2343 discipulorum
994 2255 1111 2323 loban·
1162 2255 1232 2323 Sed
1251 2254 1318 2322 ulia
1338 2265 1391 2322 est
1413 2257 1574 2342 patientia
1592 2258 1629 2323 iu
1661 2277 1776 2335 cruce,
1808 2276 1894 2341 quae
1927 2267 1980 2321 cst
2006 2257 2143 2342 propria

129 2343 193 2408 nis.
238 2342 310 2404 Dae
329 2346 372 2405 ist
394 2346 445 2404 eiu
465 2363 528 2425 par
543 2342 657 2406 :clune
667 2343 855 2428 disputatio.
883 2344 946 2408 Est
957 2344 1110 2410 doctrina
1161 2339 1348 2421 Ecclesiae,
1368 2343 1502 2427 quando
1525 2343 1661 2409 veniunt
1681 2341 1885 2410 afflictiones
1906 2362 1975 2407 nun
1997 2343 2142 2411 accersi·

129 2429 173 2497 da
194 2426 381 2514 duplicibus
402 2450 424 2494 o
486 2431 569 2497 'bus
604 2428 774 2503 Quaedam
791 2442 870 2496 suut
1032 2431 1110 2518 gica
1161 2438 1228 2509 tae,
1250 2448 1318 2495 non
1344 2425 1473 2495 electae
1494 2430 1604 2505 uobis.
1648 2428 1745 2507 Hanc
1773 2429 2020 2495 distinctionem
2042 2431 2142 2497 tradit

129 2516 309 2582 exercitia:
333 2535 400 2601 qua
518 2526 596 2583 sunt
616 2512 984 2602 afflictionespropriae
1024 2513 1109 2585 cole·
1165 2512 1327 2581 Dominus
1348 2512 1415 2580 huc
1435 2511 1523 2583 loco.

10 2657 14 2665 .
129 2602 213 2680 siae,
234 2621 303 2667 non
331 2601 532 2679 ,accersitae
573 2600 617 2667 Et
638 2599 724 2667 haec
745 2601 980 2689 distinguenda
1010 2616 1107 2671 sunt:
1247 2601 1378 2669 Deinde
1399 2601 1491 2666 addit
1512 2601 1784 2669 admonitionem:
1805 2599 1873 2668 lem
1896 2621 1961 2688 ego
1975 2612 2142 2686 tegoeos,

72 2700 81 2713 ·
128 2687 365 2776 Peedegogica
388 2699 478 2768 sunt,
503 2688 639 2776 quando
660 2708 725 2754 nos
746 2685 835 2754 ultro
857 2690 1042 2770 dommus,
1063 2691 1108 2757 ci-
1160 2686 1313 2754 iruautur
1332 2685 1391 2752 illa
1412 2685 1539 2754 laetitia
1559 2699 1651 2754 recte
1663 2689 1831 2766 Atrferctur
1841 2708 1986 2769 speum,
1998 2682 2141 2768 scilieet,

129 2794 285 2843 curamus
307 2792 372 2839 nos
394 2775 615 2841 mediocribus
638 2776 818 2856 exercitiis,
840 2775 889 2837 ab
910 2777 1107 2839 ἀαιείαίαα-
1160 2773 1283 2841 risibili
1296 2787 1328 2841 et
1340 2771 1507 2857 corporali
1519 2774 1783 2841 couversatione.
1808 2772 1960 2840 Christus
1971 2794 2143 2859 nunquam
2226 2850 2230 2857 ²

128 2881 188 2944 per
208 2860 290 2923 lmeb
311 2860 414 2940 faetet
437 2860 569 2950 aliquot
594 2861 716 2942 boras,
741 2862 807 2924 :aad
833 2864 929 2944 cariffi
955 2863 1024 2925 siclt
1050 2863 1108 2927 de:
1160 2863 1258 2928 abest
1278 2862 1321 2927 ab
1343 2858 1520 2938 Ecclesia,
1553 2862 1738 2927 secundum
1771 2861 1912 2947 gratiam
1934 2872 1968 2927 et
1990 2860 2142 2925 divinita·

128 2947 248 3010 absrde
277 2946 366 3011 utet:
397 2947 474 3023 cell,
502 2958 540 3014 ut
565 2948 611 3013 sit
642 2947 784 3015 idoneus
807 2949 851 3015 ad
872 2952 1107 3036 precationem,
1159 2960 1226 3015 tem
1247 2966 1354 3014 snam.
1398 2945 1608 3025 ieiunabunt,
1629 2968 1665 3008 eo
1686 2947 1769 3009 αἰαὶ
1789 2969 1860 3009 man
1881 2947 1973 3009 ibneu
1996 2948 2057 3009 dar
2075 2949 2141 3026 firt-

128 3032 195 3103 imo
217 3046 255 3100 ut
275 3035 413 3101 marius
436 3035 595 3115 dormiet,
615 3044 654 3100 ut
674 3035 743 3101 dixi
765 3033 981 3103 vobiscum.
1024 3036 1108 3103 Post
1160 3033 1309 3098 terbocb
1328 3054 1432 3116 penem
1457 3033 1608 3099 amcam:
1642 3033 1785 3108 Quando
1806 3035 1978 3126 rapientur
1999 3033 2043 3099 ad
2064 3054 2139 3119 sup·

127 3117 1108 3277 tlt?'tdirtssffiultttt”amitttat
1159 3118 2139 3294 titt:‘bttlt'tf'ttittttt‘tibitibi

421 3255 435 3288 3
1022 3256 1033 3291 2
1455 3253 1462 3270 ¹
1807 3253 1816 3279 ⁹
2036 3254 2044 3268 ⁸

128 3293 175 3358 ita
192 3294 279 3358 bene
299 3291 453 3360 affectum
480 3292 606 3372 imese,
636 3295 724 3361 sicut
800 3316 817 3360 r
848 3294 973 3363 multos
997 3316 1107 3363 anuos
1160 3294 1284 3361 ieiunat
1305 3292 1430 3360 David:
1453 3292 1524 3355 Dc:
1544 3292 1619 3355 stud
1641 3294 1760 3359 ieiunia
1781 3296 1815 3358 in
1836 3315 1949 3360 cruce.
1993 3292 2038 3358 Et
2053 3294 2141 3375 baec

128 3398 196 3443 non
218 3375 347 3445 fuisset.
391 3378 440 3441 Er
459 3401 526 3443 war
542 3379 678 3443 eimedi
694 3388 739 3443 :ut
766 3389 847 3445 ιιεαα
866 3373 1008 3446 incedas:
1031 3383 1109 3470 quie
1159 3392 1213 3447 est
1232 3381 1390 3466 patientia
1411 3377 1610 3446 Christiana·
1642 3381 1879 3469 Paedugogica
1891 3381 2051 3447 exercitia
2061 3378 2141 3448 sunt

129 3460 242 3530 multis
264 3464 361 3529 annis
394 3485 462 3533 non
494 3464 605 3532 fuerat
636 3468 784 3534 sobrius.
828 3465 879 3535 Co
920 3490 961 3536 us
982 3466 1050 3536 alio
1075 3469 1108 3536 ui
1160 3467 1243 3534 disci
1268 3465 1336 3533 lina
1358 3462 1497 3532 Pbiloso
1521 3464 1607 3532 hice.
2162 3492 2166 3498 ·

128 3568 197 3615 uon
217 3561 404 3635 aegrotum,
426 3548 532 3620 multo
553 3551 681 3619 rectius
698 3554 832 3632 dormit,
849 3567 885 3621 et
941 3557 998 3622 bat
1073 3577 1106 3622 o·
1244 3489 1314 3620 lam
1335 3553 1469 3618 additur
1487 3488 1553 3618 alia
1573 3553 1774 3632 admonitio,
1803 3552 1893 3638 quod
1926 3554 2079 3618 doctrina
2100 3548 2141 3617 li·

127 3654 200 3701 rem
221 3635 442 3713 intentionem
454 3639 490 3703 in
510 3638 752 3724 precationem,
775 3651 809 3705 et
830 3643 941 3707 omnia
952 3639 1018 3709 alia
1035 3638 1107 3706 oili·
1159 3640 1298 3707 bertatis
1319 3660 1388 3706 non
1410 3640 1454 3703 sit
1475 3639 1636 3705 tradenda
1658 3640 1711 3718 iis,
1734 3639 2140 3726 quinondumsuntrecte

129 3722 339 3808 cia„quando
361 3744 432 3797 uon
452 3736 505 3799 εει
526 3725 687 3805 eruditas,
712 3725 779 3788 uad
798 3729 843 3793 iet
868 3727 1108 3809 nte19enmder
1158 3728 1313 3793 instituti:
1343 3725 1485 3800 Quando
1507 3737 1625 3791 nostra
1646 3739 1756 3791 aetate
1777 3727 1918 3810 primum
1942 3727 2065 3791 tradita
2087 3736 2140 3793 est

128 3807 211 3883 darm
233 3808 379 3895 crepula.
423 3808 711 3897 Grapuladieitur
732 3834 753 3877 a
774 3812 853 3899 κάρα
870 3825 905 3879 ει
925 3815 1107 3895 aditum
1159 3814 1311 3880 doctrina
1332 3814 1375 3879 dc
1396 3810 1549 3878 libertate
1570 3810 1773 3891 Christiana,
1796 3813 1906 3876 statim
1929 3813 2045 3878 rustici
2062 3834 2138 3879 con-

126 3895 316 3961 vibratione
338 3897 469 3981 capitis,
491 3897 568 3959 dus:
588 3917 622 3959 ee
643 3896 1023 3982 ‹leanpffwryeecdiclct
1042 3923 1107 3963 ma·
1160 3911 1348 3979 currerunt,
1369 3910 1402 3965 et
1428 3895 1664 3966 intellexerunt
1689 3919 1764 3963 eam
1787 3917 1881 3977 esse,
1907 3919 1975 3964 non
2004 3895 2139 3978 solvere

129 3981 206 4044 edet.
230 3981 480 4049 NosGermani
501 3984 535 4049 id
546 3985 734 4071 experimur
743 4005 859 4052 verum
870 4006 958 4053 esse.
981 3987 1107 4055 Omnes
1159 3988 1346 4054 ordinarias
1368 3986 1561 4071 pensiones,
1589 4006 1658 4051 non
1679 3982 1813 4050 solvere
1834 3984 1990 4050 debitum.
2034 3984 2138 4052 Vole-

127 4085 245 4145 ¹[sumus
268 4069 364 4134 nimis
386 4070 661 4155 intemperantes:
684 4071 782 4138 etiarn
804 4069 865 4153 illi,
881 4075 1016 4158 quinon
1029 4086 1108 4141 murt
1158 4075 1241 4141 bant
1263 4093 1379 4140 omnes
1400 4069 1517 4138 laetari
1540 4094 1616 4139 curn
1639 4091 1779 4158 sponso,
1801 4083 1835 4137 et
1851 4091 1920 4135 non
1943 4084 2038 4137 erant
2047 4072 2139 4157 apud

127 4150 303 4241 Cyclopioi
325 4153 519 4237 helluones,
538 4167 649 4225 tamea
670 4179 739 4225 nou
764 4160 848 4225 satis
869 4161 1041 4228 moderate
1063 4164 1107 4229 vi·
1159 4180 1338 4246 sponsum:
1368 4179 1484 4224 omnes
1514 4177 1630 4226 sumus
1652 4157 1772 4241 tales..
1795 4156 1884 4223 Cara
1912 4159 2057 4226 abutitur
2078 4160 2138 4224 do·

128 4251 220 4319 runt,
253 4251 288 4307 et
319 4262 390 4308 non
421 4262 602 4328 possumus
630 4242 745 4324 aliter:
771 4246 850 4330 quio
878 4243 1023 4315 iamiliae
1048 4270 1107 4315 no·
1160 4247 1267 4315 ctrina
1288 4244 1463 4326 libertatis
1496 4244 1555 4307 Am
1587 4246 1764 4327 derfreitap
1796 4243 1872 4306 bielt
1900 4266 1971 4306 men
2003 4253 2137 4319 tentzen,

128 4336 218 4392 strae
239 4339 319 4393 sunt
340 4326 427 4394 tales
449 4329 527 4403 durs
547 4349 619 4393 mou
635 4352 672 4395 au
692 4330 756 4393 utel
774 4335 850 4395 treet
871 4333 937 4395 ma
956 4356 993 4395 zu
1013 4333 1108 4417 leupo
1158 4335 1225 4396 aud
1240 4332 1459 4416 pcnclctierei
1479 4334 1526 4394 dis
1548 4333 1626 4394 (taes
1647 4354 1681 4397 er
1701 4333 1781 4415 drey
1798 4332 1877 4396 oder
1896 4333 1963 4396 cier
1984 4332 2041 4394 der
2057 4352 2139 4397 αισι·-
2166 4409 2167 4412 ¹

100 4415 223 4485 ,αιιαιι
247 4412 330 4518 ‘Est
353 4415 455 4502 igitur
484 4415 761 4523 Paedagogicnm·
787 4420 998 4499 exercitium,
1031 4421 1109 4484 dae:
1158 4441 1236 4503 peu:
1256 4420 1377 4502 schlup.
1409 4420 1478 4486 Dae
1497 4423 1543 4484 ist
1564 4420 1748 4485 barbaries.
1777 4417 1930 4484 Christus
1953 4418 2048 4486 dicit:
2070 4418 2139 4482 Nc·

126 4518 198 4645 :itt
217 4501 843 4683 tttt'tt'ittmtdttd
865 4502 1001 4661 idib
1015 4519 1108 4661 itt
1160 4528 1482 4659 ilpdmmiill
1504 4502 2138 4659 murmuraremus:

126 4671 261 4741 nubunt·
321 4696 348 4747 ,·
430 4746 433 4751 ⁴
843 4730 856 4749 ,.
1008 4724 1012 4731 -
1096 4678 1099 4687 '
1159 4677 1389 4747 fundamento:
1412 4681 1452 4742 In
1476 4687 1564 4746 ratres
1584 4687 1701 4742 enea
1725 4686 1788 4741 :ton
1810 4678 1952 4745 debentes
1973 4676 2140 4756 infundere

138 4798 153 4813 ··
212 4754 312 4829 Aliae
327 4770 531 4831 auertentem
547 4758 745 4843 afflictiones
754 4765 912 4850 propriae
921 4763 1108 4848 Ecclesiae,
1159 4784 1269 4835 mcum
1290 4767 1404 4829 αἰαααα
1427 4769 1459 4833 id
1482 4780 1547 4845 est,
1568 4766 1602 4832 iu
1618 4779 1771 4832 naturam
1782 4765 1929 4831 nondum
1942 4764 2139 4830 cicuratum:

125 4846 424 4928 11011.ΜοοΥβὶῖὸοα
454 4868 525 4923 11ῠῆ
543 4868 566 4915 tt
585 4851 688 4917 nobit
717 4847 861 4919 electae:
892 4862 947 4933 ut,
1040 4856 1107 4923 ndo
1157 4853 1228 4917 Der
1248 4853 1336 4915 nield
1355 4853 1443 4919 recdt
1463 4856 1620 4921 iuretur:
1640 4856 1693 4935 t‘et,
1715 4852 1793 4918 dass
1813 4872 1864 4916 ert
1884 4854 1973 4916 recht
1985 4849 2136 4916 vorstede.

126 4924 350 5011 fflsssilssssiil'&
368 4936 540 5018 “plnum
559 4937 597 5011 l*
613 4934 875 5018 cardumad
895 4957 960 5024 sup
998 4942 1107 5023 'diune
1158 4939 1204 5005 Ut
1226 4938 1363 5007 Esaias:
1401 4940 1497 5011 Quem
1525 4939 1648 5018 ,decdo
1668 4938 1853 5003 scientium?
1895 4934 2138 5021 Adlcctctwau

125 5025 162 5082 at
183 5017 252 5122 irim.
269 5017 325 5098 sit,
346 5031 383 5087 et
399 5018 540 5105 ‚semper
560 5016 685 5095 iactum
702 5037 772 5105 est,
787 5024 919 5089 -dcrscn
939 5034 1107 5099 mrem
1127 5020 1134 5061 ¹
1157 5026 1255 5089 lacte:
1285 5027 1318 5132 id
1348 5039 1412 5107 est,
1442 5028 1496 5115 qui
1530 5047 1597 5091 nun
1620 5023 1771 5131 indulget
1794 5023 2050 5128 cupididatibus,
2079 5025 2137 5176 pupi

126 5098 297 5170 Christus:
322 5103 457 5176 Ουωῑιίο
474 5113 712 5192 cerepum,
742 5109 879 5175 luem
904 5132 1051 5197 sponsat,
1073 5121 1106 5183 ot
1156 5125 1209 5179 εει
1226 5115 1370 5181 domtus
1391 5126 1450 5182 aut
1472 5114 1581 5199 coepit
1602 5114 1739 5179 domari.
1763 5109 1806 5175 Ut
1827 5108 2090 5197 dnntqurdamP
2124 5150 2136 5164 ·

278 5230 640 5290 mouendarum.
652 5244 727 5298 xxv.
1775 5232 1811 5285 tt
