4620 5588
47 290 51 297 ,
151 182 219 279 'ros
818 208 1075 299 ¹rosnnns
1096 207 1497 305 suessanorum.
2102 212 2170 283 rna

154 404 210 491 qni
232 404 345 468 verbis
357 412 483 465 tantum
501 401 570 487 agit
587 403 726 488 gratias,
748 419 816 465 non
831 400 942 478 corde,
965 400 994 463 is
1017 418 1135 469 revera
1187 419 1229 463 ex
1250 394 1326 465 aula
1339 398 1501 476 Herodis3
1522 412 1662 482 apparet
1683 396 1788 466 fuisse
1810 402 1974 469 bominem
1986 413 2169 488 potentem,

153 509 221 555 non
244 498 296 553 est
318 498 445 573 gratus,
1187 486 1332 553 accessit
1355 485 1398 550 ad
1419 504 1506 565 eum,
1528 485 1620 570 petit,
1642 500 1677 550 ut
1699 482 1858 551 Christos
1886 506 2001 552 secum
2032 499 2086 552 eat
2104 490 2167 554 lia·

393 602 397 613 ι
623 578 626 583 ’
1186 592 1357 659 pernarum,
1379 581 1413 636 et
1434 582 1532 636 sanet
1553 568 1666 635 lilium
1711 568 1811 637 Scitis
1834 570 1963 638 aulicos
1992 592 2070 639 esse
2098 596 2168 640 ma·

404 672 465 741 Ex
487 673 592 741 Am
618 670 888 745 RflAPsomA,
1186 658 1239 763 pis
1261 658 1444 757 superbos,
1460 677 1559 744 quam
1580 652 1677 721 alios.
1722 656 1903 725 Dissimilis
1934 672 1985 725 est
2015 660 2166 726 centurio

1186 740 1260 808 rllet
1284 764 1351 807 non
1373 754 1469 829 pent,
1493 756 1527 807 nt
1550 740 1704 808 Christus
1729 745 1856 821 veniat,
1884 744 1942 807 scd
1972 745 2027 807 dic
2049 752 2168 809 tantun

216 838 338 921 lisine
370 839 509 921 concio
538 834 677 947 legalis
708 834 775 917 vel
804 832 1074 946 Evangcllea'?
1159 850 1276 935 iustam
1296 828 1426 890 vatum.
1471 826 1626 930 §hristus
1652 826 1742 934 ¹¹⁰¹!⁰
1770 828 1935 915 obiurgat.
1984 828 2045 896 ¹3⁸i
2067 832 2168 937 igttpr

1186 916 1239 981 lne
1263 913 1449 1001 exemplum
1472 913 1619 979 mlirmae
1642 914 1739 988 fider,
1775 937 1860 1003 qnae
1894 930 2004 982 tamen
2032 929 2166 984 crescit.

244 1000 467 1089 Evangelicat
516 1002 592 1089 qnia
626 1012 693 1064 non
734 1012 859 1065 tantum
898 1013 1136 1066 commemorat
1185 1000 1247 1067 llic
1269 1003 1438 1067 discamus
1462 1020 1669 1093 cpmmanem
1681 1002 1863 1067 doctrinam
1875 1004 1916 1068 de
1940 1002 2068 1068 infirma
2090 1002 2167 1083 lide,

154 1088 289 1161 sactrnn,
324 1091 385 1155 sed
407 1088 564 1176 proponit
597 1083 783 1173 exemplum
816 1086 892 1151 lldei
926 1089 958 1151 in
993 1106 1134 1153 eamme·
1208 1108 1272 1153 uae
1293 1101 1346 1153 est
1368 1088 1488 1151 tradita
1510 1087 1543 1149 in
1560 1084 1692 1154 Marco:
1716 1086 1821 1149 taeda
1834 1087 1975 1161 liciniae,
1998 1089 2056 1150 red
2078 1110 2167 1171 open

153 1176 337 1241 moratione
369 1172 462 1239 iacti:
493 1176 582 1261 quod
616 1169 741 1239 iactum
771 1184 824 1238 est
845 1174 1069 1238 testimonium
1092 1174 1134 1238 de
1180 1110 1233 1253 lar
1254 1176 1428 1256 nrfirmttati
1453 1192 1548 1236 meae.
1593 1170 1653 1236 Est
1685 1194 1806 1261 magna
1840 1171 2084 1240 dissimilitudo.
2129 1172 2167 1239 ln

154 1260 222 1327 lilio
253 1259 324 1327 llei.
381 1260 482 1327 Scitis
517 1280 595 1324 esse
623 1257 768 1345 duplicia
795 1256 902 1323 iactat
934 1270 1014 1323 suot
1044 1256 1134 1323 iacta
1185 1258 1259 1325 aliis
1277 1273 1355 1325 sunt
1376 1260 1467 1325 initia
1488 1261 1679 1325 ardentiora
1701 1260 1801 1339 lldei,
1829 1280 1928 1347 quam
1956 1262 1988 1324 in
2018 1258 2111 1337 aliis;
2133 1273 2167 1326 et

154 1348 337 1419 ordinatim
369 1362 400 1413 et
424 1358 501 1413 sunt
522 1344 612 1410 sacta
634 1345 908 1411 extraordinaria.
952 1342 1057 1410 'lotus
1080 1344 1134 1411 blc
1184 1347 1216 1411 in
1250 1343 1391 1431 singolis
1425 1356 1477 1411 est
1511 1340 1649 1411 multum
1683 1346 1949 1429 trepidationum.
2000 1344 2166 1411 Dominus

152 1435 283 1520 positus
305 1455 483 1519 corporum
507 1432 630 1511 mnndi,
660 1444 749 1496 totns
772 1431 855 1496 ordo
884 1451 1012 1511 rerum,
1041 1432 1134 1497 vices
1184 1433 1283 1499 istum
1316 1434 1485 1517 obiurgat:
1562 1434 1604 1492 isi
1632 1431 1774 1494 videritis
1809 1435 1919 1515 ripae,
1949 1450 2012 1492 non
2029 1435 2165 1514 possitis

153 1533 337 1605 ternporum
371 1533 424 1584 est
456 1519 656 1583 ordinarium
689 1538 773 1601 opus
795 1515 878 1595 Dei,
929 1518 997 1583 uod
1030 1515 1134 1583 voluit
1184 1518 1320 1583 credere.

155 1605 248 1670 Deus
271 1624 349 1670 esse
372 1606 593 1670 testimoniam
617 1605 659 1668 de
681 1624 778 1673 sese,
807 1605 896 1689 quod
940 1603 973 1667 ic
991 1550 1162 1683 rrtunrlusl
1270 1604 1334 1665 Hie
1355 1606 1399 1665 ist
1419 1606 1488 1664 eine
1509 1602 1588 1663 dode
1610 1603 1783 1689 quaestio:
1807 1604 1857 1665 An
1878 1606 2094 1684 sintpctcndu
2113 1608 2165 1665 mi·

155 1711 220 1755 non
244 1692 288 1755 sit
310 1712 392 1757 casu
414 1712 456 1757 ex
479 1692 599 1757 atomis
620 1688 798 1755 conflatus.
833 1689 913 1755 van
929 1688 1022 1755 Deus
1047 1691 1134 1755 ordi·
1185 1690 1318 1754 rocula?
1337 1689 1480 1755 Primum
1502 1688 1674 1755 sciendum
1697 1701 1771 1768 est,
1805 1710 1909 1776 quare
1932 1692 2084 1777 obiurget
2107 1709 2165 1776 pe-

153 1778 244 1841 naria
269 1798 383 1860 opera,
407 1800 484 1841 esse
505 1780 547 1841 de
564 1776 848 1855 setrstimonium,
871 1776 958 1840 sicut
976 1777 1047 1841 sine
1067 1771 1133 1841 nlla
1185 1790 1293 1843 tentes
1313 1772 1495 1856 miracula,
1527 1796 1602 1842 cum
1637 1772 1715 1840 velit
1747 1776 1871 1841 addere
1894 1776 2079 1841 testimonio
2102 1797 2166 1842 suo

153 1862 358 1927 dubitatione
379 1876 475 1932 stitit:
498 1863 611 1929 notitia
634 1883 853 1944 numeroram,
880 1862 1056 1927 discrimen
1075 1860 1134 1925 bo·
1186 1867 1298 1931 uerbo.
1344 1859 1556 1947 Respa-odeo.
1600 1860 1672 1927 Nos
1701 1862 1861 1926 debemus
1884 1863 1988 1927 verbo
2006 1858 2071 1927 Dei
2096 1864 2164 1928 uui-

152 1963 324 2013 nestornm
346 1962 380 2015 et
402 1952 554 2035 turpium.
1186 1948 1363 2017 versaliter
1381 1949 1540 2022 credere,
1573 1948 1702 2013 etiamsi
1733 1968 1799 2013 non
1822 1958 1914 2012 esset
1934 1948 2047 2013 addita
2070 1948 2165 2014 mira-

240 2034 305 2100 lam
340 2058 414 2101 cuni
448 2036 615 2100 ordinarie
649 2053 752 2119 opera
786 2035 851 2097 sint
876 2036 1062 2099 testimonia
1093 2037 1135 2100 de
1186 2034 1273 2101 cula.
1330 2032 1479 2098 Tradidit
1508 2054 1627 2107 vocem
1649 2030 1822 2119 Evangelii
1850 2034 1892 2098 de
1914 2032 2051 2102 dlessia,
2076 2054 2166 2101 reve·

152 2116 241 2200 Deo,
264 2142 367 2207 quare
386 2120 465 2187 facit
493 2118 778 2187 extraordinaria?
808 2134 841 2185 nt
865 2122 954 2207 quod
977 2118 1135 2207 patefacit
1184 2120 1266 2187 lavit
1288 2142 1327 2185 se
1348 2120 1524 2185 missurum
1538 2120 1706 2203 Massieni,
1718 2120 1869 2184 lioniines
1882 2120 2067 2184 debuerunt
2091 2142 2166 2187 eum

153 2204 329 2271 Ecclesiae
354 2210 439 2273 viam
463 2229 521 2291 per
550 2228 640 2273 mare
668 2208 804 2273 rubrum
835 2208 1000 2272 stantibus
1022 2208 1135 2295 aquis3
1185 2205 1349 2292 amplecti.
1394 2198 1558 2292 Obiurgat
1580 2207 1677 2291 igitur
1700 2204 2029 2289 nonampleetentcs,
2047 2220 2076 2269 et
2100 2226 2165 2271 non

152 2294 242 2378 quod
264 2292 361 2358 lllose
389 2295 594 2378 percutiente
628 2308 755 2376 petram
788 2292 922 2357 finditur
954 2304 1065 2376 petra,
1101 2309 1134 2359 et
1185 2295 1415 2357 assentientes·
1463 2291 1610 2357 Poscere
1633 2303 1741 2356 autem
1763 2288 1921 2357 miracola
1933 2289 2029 2356 aliter
2051 2312 2088 2355 so
2107 2291 2166 2358 lia·

152 2376 257 2442 elllnit
280 2400 376 2463 aqua.
423 2378 535 2453 Quare
569 2377 625 2443 illa
649 2376 753 2442 liuntl
809 2377 894 2450 Quia
923 2380 957 2442 in
990 2376 1054 2443 hac
1076 2378 1134 2442 im·
1185 2380 1241 2444 bet
1259 2381 1291 2444 in
1315 2378 1486 2458 Gedeone,
1508 2376 1605 2445 aliter
1621 2380 1654 2442 in
1678 2375 1880 2441 Plrarisaois.
1926 2378 2045 2442 Petere
2067 2372 2164 2443 niira·

152 2461 333 2528 bacillitate
354 2478 492 2529 naturae
513 2465 666 2529 homines
689 2464 803 2528 ordine
822 2464 930 2527 minas
948 2477 1134 2543 irrorantur,
1185 2462 1259 2530 culn
1283 2464 1407 2531 affectu
1424 2464 1568 2531 hunuano
1591 2460 1692 2543 talia,
1726 2460 1837 2548 quialio.
1866 2482 1928 2526 nos
1958 2463 2164 2548 ‹trigitamust

151 2560 289 2635 propter
306 2552 593 2616 consuetudinem:
617 2547 806 2637 ergoDeus
828 2548 908 2613 sacit
931 2562 1026 2614 extra
1047 2551 1135 2615 ordi·
1184 2550 1250 2616 boc
1271 2563 1325 2618 est
1346 2549 1558 2635 prohibitum,
1580 2551 1657 2636 quia
1679 2568 1742 2614 nos
1762 2550 1921 2614 debemus
1944 2550 2164 2615 obedientem

151 2637 257 2715 naria,
284 2648 321 2699 ut
351 2637 524 2716 ostendat,
551 2636 641 2723 quod
664 2637 707 2700 sit
731 2632 796 2700 alia
818 2636 981 2721 quaedam
1002 2650 1134 2716 natura,
1187 2636 1268 2705 Deo.

151 2740 212 2785 seu
234 2719 301 2786 alia
329 2743 385 2787 res
413 2723 570 2789 distincta
591 2743 612 2787 a
633 2722 768 2803 mando,
801 2732 835 2786 et
867 2723 957 2807 quod
990 2719 1047 2789 illa
1080 2743 1134 2789 ras
1271 2722 1333 2788 llic
1361 2724 1489 2787 debetis
1519 2734 1632 2787 tenere
1659 2721 1836 2786 discrimen
1864 2721 1951 2785 inter
1971 2720 2165 2805 promissio·

151 2808 194 2871 sit
226 2828 345 2895 agens,
377 2806 587 2895 intelligam,
618 2805 778 2886 liberum,
810 2807 1011 2873 beneficum:
1044 2809 1134 2890 item,
1184 2830 1246 2875 nes
1270 2812 1432 2875 bonorum
1454 2805 1706 2895 temporalium,
1735 2819 1769 2872 et
1800 2806 2042 2894 promissiones
2070 2807 2166 2891 spiri·

151 2894 239 2978 quod
263 2914 329 2959 non
351 2893 601 2981 pendeatDeus
625 2912 666 2961 es
683 2891 742 2959 illo
761 2894 879 2960 ordine
895 2906 1132 2976 creaturarum,
1184 2893 1302 2962 tuales.
1347 2893 1402 2960 De
1423 2892 1649 2980 spiritualibus
1672 2894 1865 2959 nominatim
1887 2892 2165 2973 esteredendurir,

151 2980 241 3065 quod
264 3000 331 3045 non
354 2983 398 3046 sit
419 2978 577 3069 alligatus
601 2981 731 3047 caussis
754 2982 929 3046 secundis:
957 2983 1032 3047 ideo
1052 2980 1134 3049 fucit
1184 2983 1273 3068 qnod
1294 2983 1327 3047 in
1349 2979 1570 3066 specieDens
1588 3000 1647 3045 eas
1669 2978 1750 3046 velit
1771 2980 1863 3059 dare,
1878 2976 1959 3046 velit
1980 2979 2039 3045 tibi
2057 2979 2166 3045 remit·

150 3066 453 3133 extraordinariae
481 3088 557 3147 era,
590 3080 627 3133 ut
657 3067 822 3140 sciamus,
856 3069 946 3153 quod
967 3064 1062 3134 Deus
1090 3068 1135 3134 sit
1184 3079 1256 3133 tere
1277 3080 1430 3155 paccata,
1452 3066 1534 3135 velit
1554 3079 1588 3133 te
1615 3068 1788 3153 racipere,
1820 3067 1879 3134 tibi
1907 3067 1987 3132 dare
2008 3064 2167 3150 Spiritum

149 3149 215 3216 alia
233 3172 289 3217 res
312 3166 445 3236 praeter
489 3174 556 3219 unc
578 3154 751 3232 mundum,
779 3165 817 3218 nt
848 3155 1015 3233 sciamus,
1043 3155 1134 3242 quod
1184 3164 1337 3221 sanctum
1371 3165 1405 3220 et
1436 3155 1537 3220 vitam
1569 3164 1750 3219 aeternam.
1799 3150 1854 3220 De
1888 3152 2166 3238 promissionibus

150 3257 216 3300 non
238 3239 282 3303 sit
302 3239 376 3323 ipse
392 3241 547 3318 mundus,
574 3260 644 3305 nou
666 3240 710 3304 sit
730 3259 826 3305 mens
851 3236 962 3306 inlusa
980 3261 1043 3309 seu
1063 3239 1134 3307 alli·
1184 3237 1418 3327 corporalibus
1440 3238 1537 3307 aliter
1558 3260 1597 3305 se
1618 3258 1674 3304 res
1697 3240 1810 3305 habet.
1854 3238 1913 3304 lob
1935 3248 2167 3326 aegrotatpn·

149 3334 228 3406 gata
250 3325 384 3402 mundo,
407 3336 444 3391 ut
462 3325 565 3389 Stoici
587 3324 762 3389 linxerunt.
796 3325 898 3391 Addit
920 3328 1019 3413 igitur
1037 3330 1133 3393 mira·
1183 3328 1221 3392 tit
1243 3326 1316 3392 tolli
1337 3329 1497 3394 morbum.
1542 3324 1653 3391 David
1676 3320 1811 3413 pellitur
1838 3323 2048 3403 inexilium,
2083 3324 2166 3410 petit

150 3404 227 3472 cula
259 3411 363 3474 verbo
397 3430 478 3487 suo,
510 3408 580 3496 legi
612 3423 645 3475 et
677 3408 881 3497 Evangelio,
914 3426 951 3479 ut
988 3414 1132 3479 sciamus
1183 3432 1222 3477 se
1246 3414 1390 3478 restitui:
1413 3414 1458 3477 ita
1480 3409 1668 3499 corporalia
1698 3414 1785 3478 bona
1820 3422 1899 3477 sunt
1923 3413 2098 3501 petenda,
2132 3421 2166 3475 et

150 3495 288 3559 verbum
311 3515 388 3560 esse
410 3497 563 3561 traditum
586 3499 629 3560 ab
652 3497 744 3581 ipso,
771 3509 806 3562 et
827 3498 918 3562 addit
936 3497 1016 3565 talia
1036 3501 1133 3564 mira·
1183 3495 1258 3564 sola
1282 3497 1347 3564 lide
1369 3499 1525 3583 petenda:
1552 3498 1615 3563 sed
1636 3496 1734 3565 simul
1757 3499 1856 3564 debet
1877 3518 1957 3565 esse
1989 3500 2054 3563 ista
2086 3496 2166 3649 olpe-

151 3574 238 3657 cula,
288 3601 352 3645 uae
373 3602 440 3646 non
462 3592 575 3669 potest
607 3580 723 3646 imitari
746 3578 924 3661 Diabolus,
959 3583 1057 3670 quale
1080 3598 1134 3649 est
1184 3586 1318 3662 dientia,
1340 3585 1469 3650 etiamsi
1491 3582 1586 3649 Deus
1608 3603 1674 3648 non
1698 3584 1789 3650 dabit
1822 3585 1890 3650 ista
1912 3586 2022 3663 bona,
2055 3598 2119 3651 tarn
2138 3586 2165 3650 'n

150 3600 360 3731 resuscllatio
390 3678 609 3736 mortuorum:
646 3664 712 3732 tale
740 3679 792 3733 est
826 3689 930 3753 opus,
963 3671 1051 3759 quod
1080 3668 1134 3745 sol
1182 3669 1415 3737 nondeficiam
1432 3668 1552 3739 aDeo:
1574 3681 1690 3757 petere
1711 3666 1871 3737 miracula
1892 3680 2009 3736 nostro
2032 3668 2165 3751 allecta,

149 3770 327 3839 regressus
350 3765 413 3833 est,
432 3750 488 3819 rel
509 3752 668 3819 constitit.
1182 3769 1216 3823 et
1237 3778 1304 3823 non
1338 3754 1426 3823 velle
1459 3757 1615 3823 assentiri
1647 3752 1842 3836 miraculis,
1874 3775 1960 3846 quae
1982 3754 2078 3824 Deus
2100 3774 2164 3823 suo

236 3836 379 3920 Caussa,
404 3860 507 3924 quare
528 3842 709 3905 recitentur
736 3837 912 3921 miracula,
941 3843 1046 3927 prima
1068 3853 1132 3922 est,
1183 3834 1324 3909 consilio
1346 3841 1502 3924 tradidit,
1535 3844 1601 3909 ista
1623 3856 1676 3908 est
1696 3843 1860 3929 impietas.
1904 3842 1977 3905 Nnc
1999 3841 2164 3909 Dominus

149 3936 186 3988 ut
204 3925 272 3988 sint
290 3924 512 3991 testimouium
531 3926 573 3992 de
590 3924 752 4004 doctrina,
775 3936 812 3991 ut
828 3928 1020 4009 ostendant,
1041 3931 1129 4017 qnod
1182 3927 1377 3995 consolatur
1398 3950 1485 4009 eum,
1507 3930 1594 3996 sient
1616 3926 1669 4009 iit,
1699 3928 1833 4017 quando
1856 3941 1935 3996 sunt
1957 3929 2049 3995 initia
2070 3926 2164 3997 lidelt

147 4007 207 4075 llla'
229 4010 382 4076 doctrino
404 4010 448 4077 sit
469 4012 590 4079 tradita
610 4013 653 4077 ab
676 4008 733 4079 illa
754 4022 872 4079 natura
894 4016 1130 4101 omnipotente,
1182 4014 1341 4081 Colonum
1373 4022 1552 4098 quartanarii
1584 4034 1646 4078 note
1679 4016 1847 4097 cmrfiiptt.
1890 4014 2086 4101 Respondet
2115 4014 2163 4083 alt

149 4117 236 4183 quae
265 4108 318 4161 est
350 4110 482 4182 praeter
514 4099 681 4165 mnndum.
735 4098 892 4165 Secunda
919 4121 1044 4167 caussa
1094 4113 1131 4168 ut
1180 4100 1282 4165 lilius
1304 4108 1375 4165 tuus
1396 4102 1481 4165 vicit.
1523 4098 1600 4167 lioc
1621 4104 1725 4169 verbo
1759 4102 1953 4169 accenditur
1986 4122 2046 4168 cor
2073 4102 2162 4181 eiust

149 4184 215 4248 sint
248 4182 434 4248 testimonia
467 4196 502 4249 et
539 4204 634 4249 exem
658 4181 692 4249 la
726 4186 994 4277 promissionum.
1076 4207 1130 4255 ro·
1204 4188 1257 4253 uia
1295 4188 1441 4255 Siritua
1478 4200 1617 4254 sanctus
1650 4200 1763 4255 movet
1798 4208 1859 4253 cor
1897 4188 2010 4254 audito
2045 4190 2162 4254 verbm

149 4269 327 4334 missiones
349 4268 480 4349 dicunt,
512 4272 602 4357 quod
658 4288 718 4337 eus
750 4266 830 4337 velit
863 4292 926 4336 nos
960 4272 1129 4353 exaudire,
1179 4208 1304 4341 lostea
1320 4211 1363 4340 lt
1384 4272 1469 4341 fides
1492 4274 1673 4354 ardentior,
1695 4285 1879 4365 conspecto
1903 4286 2034 4343 eventu.
2114 4348 2117 4353 ,

150 4352 229 4419 velit
262 4375 360 4441 opem
393 4352 490 4423 ferre.
545 4354 657 4427 Tertia
690 4376 832 4437 caussa,
866 4370 944 4425 sant
975 4358 1129 4445 exempla

148 4437 398 4525 applicationis,
432 4444 522 4529 quod
544 4443 610 4509 lide
630 4444 856 4510 accedendum
879 4446 922 4510 sit
943 4445 986 4509 ad
1007 4440 1128 4525 Deum,
1429 4462 1492 4529 Ex
1512 4460 1622 4529 fflA
1642 4458 1914 4529 RflApsomA,

143 4534 181 4597 ,et
206 4526 380 4610 petendum
408 4527 575 4600 arixilinm.
629 4527 720 4595 lstnd
753 4526 876 4596 factum
903 4542 1044 4597 testatur
1070 4532 1129 4599 do·

149 4613 287 4677 ctrinarn
312 4632 426 4679 veram
446 4637 537 4695 esse,
560 4615 649 4701 quod
671 4634 752 4681 vera
774 4619 817 4681 da
843 4636 922 4683 sese
948 4617 1129 4703 praedicet,
1264 4615 1370 4685 Multa
1392 4619 1545 4684 dicontur
1573 4619 1616 4683 de
1635 4614 1740 4695 aulls3
1772 4634 1806 4678 as
1839 4616 1900 4679 dart
1933 4616 2020 4679 nicdt
2042 4616 2164 4698 selden,

149 4707 283 4763 atvero
305 4699 436 4785 doceat,
458 4703 548 4789 quod
570 4698 723 4767 sitlilius
740 4698 815 4767 Del.
858 4700 923 4769 Est
944 4701 1129 4788 exemplum
1179 4705 1260 4866 puin
1281 4702 1419 4777 multum
1440 4708 1484 4771 sit
1501 4703 1708 4770 miseriarum
1727 4702 1761 4768 ln
1773 4703 2040 4771 eminentioribus
2062 4701 2160 4772 loeis.

148 4784 396 4870 promissionis,
423 4789 513 4873 quod
541 4784 638 4854 tollat
663 4800 820 4868 mortem,
848 4785 945 4855 tollat
972 4809 1129 4861 caussam
1212 4790 1346 4881 uicquid
1367 4791 1507 4864 eminet,
1540 4792 1570 4857 ei
1592 4786 1757 4855 Diabolus
1786 4790 1969 4856 insidiatur.
2014 4788 2097 4855 Sunt
2113 4790 2161 4857 ibi

148 4870 278 4948 mortis,
301 4882 490 4956 peceatum:
513 4876 681 4965 quoplodo
705 4874 749 4939 sit
768 4873 1010 4955 accedendum,
1032 4896 1127 4961 prae-
1179 4878 1396 4943 instrumenta
1428 4887 1464 4944 et
1494 4874 1694 4943 occasiones
1726 4890 1958 4963 peccatorumr
1990 4878 2036 4937 rte
2060 4874 2160 4938 dudm

149 4956 246 5042 cipue
267 4954 324 5022 lde
346 4958 497 5025 docetur.
1177 4962 1245 5049 petr
1265 4962 1332 5025 ond
1351 4968 1420 5047 put,
1444 4974 1477 5028 et
1498 4975 1577 5030 sunt
1598 4958 1700 5051 aliqui
1755 4962 1811 5050 qui
1843 4972 2004 5049 appetunt
2031 4958 2089 5028 illa
2110 4963 2159 5031 in-

236 5039 392 5143 cndstus
414 5044 478 5111 fult
498 5058 579 5111 tuno
599 5046 633 5115 in
656 5045 767 5127 Cana,
796 5040 885 5114 lilius
906 5048 1001 5114 istius
1023 5046 1129 5117 boml·
1178 5050 1343 5131 ordinate,
1364 5058 1402 5116 at
1469 5050 1607 5117 tianturz
1630 5006 1749 5126 atilli,
1795 5048 1827 5115 ul
1848 5047 2023 5133 possident
2033 5096 2046 5128 ,
2077 5049 2160 5115 abu·

148 5130 202 5194 nis
231 5125 332 5195 aulici
358 5132 549 5219 aegrotavit
573 5132 608 5199 in
634 5130 856 5223 capernaum·
905 5132 983 5203 Fuit
1008 5132 1129 5223 aliquis
1178 5144 1302 5213 tantur.
1346 5138 1383 5204 ln
1403 5132 1427 5203 li
1450 5154 1491 5201 ro
1512 5134 1703 5223 Saplentiae
1724 5134 1757 5200 dl
1790 5145 1860 5203 tur:
1882 5132 2035 5197 Potmttr
2046 5142 2160 5219 poten·

302 5262 546 5315 armamenta
558 5269 708 5317 mcxxv.
1913 5254 1949 5308 ⁴⁸
