4620 5588
840 191 1060 259 posnam
1083 188 1482 259 nmnnmonrana.
1990 289 1993 293 Ι
2108 199 2176 270 are

339 464 562 536 Dominicis
584 464 670 535 v1lt.
693 464 952 538 TRlNlTATlS.
1189 491 1255 535 nna
1276 480 1403 534 mutum
1426 480 1477 533 est
1498 470 1565 548 via,
1582 481 1619 536 ut
1641 470 1938 559 dieiturlemplee
1958 484 2175 546 calamitatis

1188 556 1303 623 oratio
1347 554 1401 619 Ab
1424 554 1490 620 hac
1502 556 1641 623 veritate
1657 578 1733 622 eum
1745 559 1934 627 discessum
1947 573 2009 641 est,
2030 584 2174 633 neeesse

1189 652 1242 708 est
1264 661 1398 706 errores
1421 642 1596 708 exsistere.
1652 641 1749 711 hiulti
1781 666 1871 712 nunc
1900 648 2085 715 doctrinam
2113 672 2174 717 no·

1189 740 1334 794 strarum
1366 724 1596 795 Ecclesiarnm
1634 728 1702 796 hoe
1734 744 1932 820 argumento
1966 736 2173 824 impugnant,

1189 815 1280 966 guod
1302 814 1369 878 sint
1390 812 1527 881 hostilia
1548 816 1626 882 odia
1654 817 1741 883 inter
1767 818 1965 905 profitentes
1987 818 2173 893 doctrinam

1218 897 1445 987 vangelicam,
1474 913 1506 966 et
1528 904 1617 989 quod
1639 903 1725 969 haec
1748 906 1825 972 odia
1849 919 1881 973 et
1904 911 2173 978 concertationes

544 657 686 728 Matth.
711 662 741 727 7.

363 853 478 920 Cavete
498 872 520 917 a
541 852 849 936 remanentem,
870 860 929 917 ete.

1189 382 1366 462 exsistunt,
1388 382 1465 468 quia
1494 379 1595 469 aliqui
1623 383 1801 450 discedunt
1830 409 1851 452 a
1872 389 2023 456 veritate.
2067 388 2174 459 liuius

1160 996 1164 1017 ¹
1188 990 1352 1053 exsistant
1374 1008 1416 1053 ax
1438 988 1705 1055 dissensionibus
1734 992 1935 1078 dogmatum.
1979 991 2088 1062 lllulto
2116 1018 2173 1065 an·

133 1072 141 1083 '
239 1072 525 1141 Commoneicetie
556 1087 608 1141 est
640 1072 740 1141 valde
772 1075 894 1155 tristis,
934 1075 994 1140 sed
1023 1084 1136 1141 tamen
1187 1088 1255 1140 tem
1287 1076 1414 1140 maiora
1447 1075 1628 1141 certamina
1659 1087 1737 1143 sunt
1770 1081 1934 1146 adversus
1962 1079 2171 1165 Pontitieios,
2224 1114 2227 1121 ·

152 1160 263 1249 magni
284 1162 453 1239 momenti,
474 1163 650 1227 continens
673 1163 843 1228 materiam
873 1161 915 1226 de
935 1158 1136 1241 Schismate,
1187 1162 1307 1248 quibus
1342 1171 1525 1248 queruntur
1550 1161 1682 1245 plurimi
1715 1184 1753 1230 se
1783 1163 1882 1233 valde
1909 1170 2046 1235 turbari.
2103 1172 2172 1237 Sed

153 1260 186 1317 et
207 1250 250 1314 de
272 1244 462 1314 deserendis
485 1246 689 1334 blasphemis
723 1260 757 1313 et
788 1244 995 1327 idololatris,
1027 1260 1061 1314 et
1093 1250 1135 1316 de
1186 1250 1374 1334 praemunit
1412 1268 1477 1313 nos
1516 1261 1634 1315 eontra
1671 1249 1739 1316 hoe
1772 1251 1966 1320 scandalum
2001 1253 2171 1337 Christus,

152 1335 343 1424 quaerenda
364 1355 446 1400 vera
467 1333 634 1400 Ecclesia:
667 1335 745 1423 quia
771 1355 840 1400 non
861 1331 970 1400 solnm
993 1336 1135 1422 eogitari
1185 1335 1384 1420 praedicens
1407 1334 1539 1402 futuros
1563 1355 1641 1403 esse
1662 1357 1795 1423 semper
1816 1337 2172 1431 aliquosPseudopro·

151 1432 285 1510 oportet
307 1420 349 1486 de
371 1420 537 1508 fugiendis
560 1419 674 1501 malis,
703 1422 764 1487 sed
787 1422 884 1486 etiarn
907 1420 949 1487 de
971 1436 1080 1506 portu,
1101 1423 1136 1487 in
1184 1421 1317 1506 phetas.
1578 1467 1589 1475 -

151 1529 250 1661 guent
272 1505 412 1576 velimus
435 1528 499 1574 nos
521 1509 684 1595 recipere,
707 1520 740 1574 et
762 1509 819 1576 ubi
833 1510 1051 1595 acquiescere
1063 1520 1135 1575 tan·
1272 1507 1310 1573 ld
1331 1509 1486 1575 omnibns
1506 1510 1714 1593 temporibus
1736 1512 1875 1589 accidit3
1901 1533 1944 1578 aa
1973 1528 2042 1579 tum
2071 1517 2172 1602 inpri-

173 1616 225 1663 em
271 1597 428 1660 ossimus.
508 1638 512 1648 ·
1186 1594 1261 1673 mia,
1282 1592 1524 1680 quandoDens
1547 1596 1699 1663 accendit
1720 1595 1830 1665 lucem
1852 1599 1885 1664 in
1904 1603 2016 1684 praeci
2039 1601 2093 1667 uis
2114 1622 2171 1669 ea·

237 1617 322 1747 dato
343 1695 422 1766 post
444 1694 570 1747 motum
591 1678 715 1747 bellum
735 1677 833 1747 eivile
844 1680 930 1747 iuter
940 1679 1137 1767 Pompeium
1185 1682 1309 1769 pitihns
1331 1682 1513 1749 doetrinae.
1551 1680 1635 1749 Tum
1656 1684 1743 1749 enim
1765 1698 1936 1771 opponunt
1957 1707 1996 1753 se
2071 1689 2171 1755 cinati

153 1780 186 1837 et
207 1765 402 1849 ¹Caesarem,
431 1769 578 1853 dicebat:
616 1772 712 1847 θιιειιι
731 1774 869 1852 sapiam,
890 1768 1009 1845 dobea-
1042 1788 1136 1854 wem
1185 1768 1300 1853 pravis
1322 1788 1344 1834 e
1369 1769 1552 1842 inionibus;
1575 1769 1708 1856 atquin
1734 1769 2170 1863 hominesabutuutnrpie·

151 1875 270 1941 rupuar
299 1875 365 1922 aton
385 1858 498 1923 habeo.
533 1851 678 1921 Volebat
699 1853 901 1943 significare,
923 1875 962 1922 se
979 1875 1136 1943 nonpro·
1185 1874 1325 1942 rumque
1345 1789 1424 1920 fuce
1445 1856 1629 1936 doetrinae,
1662 1867 1697 1921 et
1727 1869 1806 1923 sunt
1831 1860 1952 1945 ingrati
1974 1881 2057 1949 erga
2078 1864 2171 1929 mini·

142 1945 235 2021 ‚hare
254 1906 382 2013 iudum,
404 1961 514 2029 neque
536 1962 575 2009 se
592 1952 703 2009 maren
725 1943 897 2033 satistuto
917 1942 1014 2027 sequi
1032 1960 1137 2028 posse
1186 1952 1278 2007 siros
1311 1952 1403 2007 reete
1437 1941 1615 2024 docentes,
1654 1945 1811 2030 permittit
1842 1944 1937 2012 Deus
1976 1950 2169 2030 certamina,

152 2028 360 2114 Pompeium:
393 2032 471 2135 qnia
502 2029 637 2095 videbat
668 2048 822 2116 magnam
856 2029 1069 2096 mutationem
1104 2037 1138 2095 et
1212 2038 1325 2115 ropter
1346 2029 1632 2114 ingratitudinem,
1664 2041 1701 2095 nt
1732 2033 1910 2117 puniantur
1936 2033 2088 2101 homines

153 2113 368 2183 confusiones
401 2138 434 2181 ru
455 2115 637 2202 Republica
661 2112 793 2182 futuras
814 2135 909 2194 esse3
942 2116 1031 2182 sicut
1063 2113 1137 2181 fieri
1221 2114 1408 2181 rorationes
1430 2117 1653 2194 tristissimas,
1674 2137 1759 2201 quas
1779 2113 2039 2189 i'alsilloetores
2060 2123 2095 2186 in

151 2202 258 2281 solet,
291 2203 391 2270 motis
423 2203 591 2270 rebusad
613 2201 1135 2289 Rempublicampertinentihus.
1187 2198 1293 2267 alesia
1314 2202 1472 2268 excitant.
1514 2203 1551 2267 Si
1578 2202 1633 2352 gui
1661 2203 1761 2270 etiam
1788 2216 1882 2273 recte
1903 2206 2089 2274 didicerunt
2111 2208 2169 2276 do·

151 2287 259 2359 Multo
292 2301 403 2357 antem
429 2291 538 2377 magis
561 2291 597 2373 in,-
617 2310 741 2357 canssa
761 2286 935 2376 religionis
957 2288 1136 2355 videndum
1187 2290 1339 2368 utrinam,
1362 2298 1396 2353 et
1417 2310 1491 2354 eam
1513 2310 1590 2375 amp
1605 2300 1771 2370 eetnntnr,
1795 2296 1988 2376 eosprnbat
2005 2294 2113 2374 Dens,
2136 2308 2169 2360 et

151 2377 250 2443 nobis
271 2390 340 2455 est,
373 2388 408 2442 et
429 2377 485 2465 qui
501 2377 569 2442 sint
591 2376 779 2455 deserendi,
801 2388 834 2443 et
856 2375 930 2463 quis
947 2386 1067 2461 portus
1088 2384 1135 2443 te·
1158 2380 1161 2467 i
1186 2371 1340 2459 explorat
1369 2377 1590 2445 constantiam
1620 2395 1735 2441 eornm
1757 2378 1790 2442 in
1812 2380 1986 2445 retinenda
2008 2401 2090 2447 vera
2111 2380 2168 2447 do-

151 2464 282 2532 nandus
303 2464 359 2545 sit,
381 2483 443 2530 seu
466 2465 522 2550 qni
544 2462 612 2528 sint
632 2464 804 2549 sequendi.
915 2500 920 2517 ·
1158 2474 1161 2489 ¹
1186 2460 1293 2526 abina
1313 2479 1375 2545 per
1397 2462 1577 2527 certamina
1598 2458 1668 2541 illa,
1689 2462 1722 2527 in
1741 2465 1862 2550 quihus
1881 2486 1946 2531 nna
1961 2463 2169 2533 saltemsen·

237 2549 314 2617 Non
354 2550 515 2618 debemus
548 2547 663 2616 iacere
694 2547 855 2613 inlinitum
884 2546 1133 2631 dissipationem
1157 2576 1161 2663 p
1184 2547 1286 2612 tentia
1309 2565 1389 2612 vera
1411 2556 1475 2626 est,
1497 2548 1589 2613 iuxta
1611 2548 1749 2615 dictum:
1776 2553 1943 2627 (tumulat
1958 2557 2170 2623 amedera

151 2648 210 2705 ant
230 2634 391 2726 ἀναρχίαν,
414 2640 500 2703 sicut
522 2637 623 2703 eredo
646 2636 815 2702 accidisse
837 2646 901 2701 tent
928 2653 988 2699 ore
1015 2631 1135 2699 haere·
1184 2653 1281 2701 auom
1299 2643 1430 2718 partem
1450 2637 1547 2702 debet
1563 2654 1679 2719 corma
1700 2641 1839 2703 altman
1856 2633 1989 2719 solemn

152 2725 303 2805 tieornm,
322 2725 378 2791 nbi
399 2722 493 2789 multi
515 2722 767 2789 absconderunt
794 2740 832 2786 se
854 2721 889 2786 in
903 2656 983 2787 foca
1000 2720 1135 2787 deserta

151 2831 335 2891 nemorum,
356 2812 445 2877 unde
467 2820 574 2876 ortum
597 2820 650 2875 est
667 2806 748 2875 illud
770 2827 877 2896 genus
898 2808 987 2875 vitae
1007 2805 1134 2873 Eremi-

151 2908 270 2965 tarum.
314 2897 399 2964 Nam
420 2893 527 2964 semel
543 2893 641 2962 saetis
654 2895 937 2963 'distractionibus
958 2891 1044 2960 alius
1067 2893 1133 2961 alio

150 2985 306 3065 secessit,
339 2994 374 3050 et
396 2983 492 3051 solus
514 2984 629 3049 rivere
651 2979 768 3059 voluit,
801 2983 891 3049 sieut
912 2981 1069 3048 scribitur
1090 2982 1133 3046 de
1185 2966 1302 3072 Quae
1343 2981 1563 3082 praecepta
1599 2971 1814 3055 traduntur
1849 2972 1892 3056 in
1928 2973 2008 3058 hoo
2038 2975 2166 3060 ὥριος

149 3070 294 3138 Antonio
317 3071 418 3158 [apud
440 3069 609 3151 Suidaml,
642 3070 731 3156 quod
759 3064 858 3135 inerit
886 3067 986 3134 homo
1014 3079 1132 3134 natura

150 3170 183 3224 at
203 3159 353 3225 moribus
375 3159 546 3244 asperior,
569 3166 621 3236 ut,
645 3176 845 3245 quamquam
868 3166 961 3221 esset
982 3155 1132 3222 veritatis
1432 3135 1548 3203 0⁰00oe
1567 3156 1589 3202 ⁰
1610 3127 1920 3222 ''willike-W?

149 3265 276 3326 amans,
297 3255 407 3312 umen
430 3265 499 3310 non
519 3254 638 3329 posset
661 3264 735 3310 enm
758 3238 831 3309 aliis
854 3242 979 3308 vivere.
1153 3256 1158 3327 ξ
1931 3248 1937 3259 ‘

1154 3344 1158 3387 ε
1267 3320 1347 3390 Duo
1368 3335 1447 3392 sunt
1468 3323 1524 3391 hie
1545 3338 1739 3413 praecepta:
1774 3325 1919 3394 Primum
1941 3340 2012 3410 est,
2041 3341 2078 3396 ιιι
2099 3331 2165 3397 sin·

1154 3408 1252 3496 {guli
1274 3431 1317 3476 eo
1364 3432 1521 3478 oseamns
1555 3413 1761 3490 doctrinam3
1817 3415 1872 3480 uia
1901 3413 2057 3482 Christus
2092 3416 2166 3484 vult

367 3524 372 3534 ·
1154 3499 1245 3569 {nos
1277 3497 1312 3563 iu
1336 3500 1424 3565 ieare
1457 3501 1500 3563 de
1528 3434 1847 3586 Pseudopropneis.
1900 3499 1977 3567 lloe
2008 3523 2164 3588 magnum

309 3578 420 3683 Quid
451 3578 652 3690 signifieat
682 3605 767 3660 vox
792 3575 981 3672 propheta?
1154 3576 1158 3671 i
1182 3584 1338 3670 quiddam
1361 3597 1423 3650 est.
1468 3583 1630 3652 Videmus
1657 3587 1813 3652 usitatum
1835 3607 1925 3667 esse,
1948 3589 2039 3674 qnod
2060 3589 2165 3657 homi·

1155 3690 1244 3739 {nes
1276 3667 1345 3736 hoc
1372 3671 1471 3736 modo
1502 3683 1667 3738 excusant
1692 3670 1928 3761 negligentiam
1950 3694 2060 3741 sauma
2091 3676 2165 3744 Nos

1156 3798 1158 3803 -
1181 3775 1297 3822 sumus
1319 3754 1413 3836 laici,
1443 3777 1509 3823 non
1533 3757 1693 3825 debemus
1715 3781 1781 3824 nos
1803 3756 1918 3825 faeere
1939 3762 2078 3828 indices.
2122 3762 2166 3829 Et

137 3888 140 3892 ,
236 3848 427 3936 Prophetae
447 3868 568 3913 nomen
586 3866 688 3931 saepe
704 3842 906 3932 generaliter
921 3846 1054 3930 ponitur
1071 3864 1132 3930 pro
1181 3842 1268 3908 haee
1289 3843 1476 3929 persuasio,
1510 3865 1596 3930 quae
1628 3844 1728 3911 habet
1761 3843 1908 3932 aliquam
1937 3848 2083 3932 speciem
2104 3847 2165 3915 hta·

149 3933 372 4011 Ductoribus3
394 3946 442 4014 nt,
464 3956 538 4000 eum
552 3931 634 4000 Saul
656 3935 775 3999 dicitnr
793 3932 926 3997 venisse
947 3932 979 3996 in
1003 3944 1133 3998 coetum
1182 3950 1301 3997 manae
1323 3932 1517 4017 sapientiae,
1539 3928 1662 3997 multos
1685 3942 1774 3996 tenet
1797 3934 1962 4017 captivos,
1984 3935 2082 3999 etiam
2105 3937 2164 4002 bo·

148 4020 402 4110 Prophetarum,
421 4022 454 4086 id
477 4033 541 4100 est,
564 4019 753 4086 docentium
775 4032 809 4084 et
832 4019 1039 4085 discentium.
1082 4016 1133 4082 lta
1155 4062 1159 4151 1
1183 4037 1257 4083 nos.
1303 4015 1373 4082 Sed
1395 4038 1459 4083 nos
1481 4018 1571 4083 seire
1592 4017 1764 4094 debemus,
1793 4020 1884 4105 quod
1906 4023 1951 4085 sit
1972 4022 2163 4089 mandatum

93 4134 97 4139 ·
148 4108 215 4177 hoe
236 4106 316 4177 loeo
339 4110 474 4175 dieitur:
500 4110 616 4176 Cavete
636 4129 658 4174 a
679 4106 987 4190 Pseudoprophetiaz
1014 4106 1045 4169 id
1069 4114 1132 4175 est,
1156 4156 1159 4163 .
1183 4102 1307 4169 Christi
1348 4102 1570 4185 immutabile,
1617 4117 1654 4170 ut
1692 4124 1734 4171 co
1760 4125 1938 4171 nosearnns
1978 4108 2164 4177 doctrinam

150 4193 290 4263 amalis
312 4196 519 4262 doctoribus.
575 4193 667 4259 llaec
700 4205 733 4259 et
761 4189 1008 4277 simplicissima
1035 4190 1134 4257 inter·
1156 4190 1158 4195 ’
1183 4187 1368 4276 Evangelii.
1413 4189 1543 4256 Clamat
1565 4203 1722 4259 aeternus
1772 4203 1844 4259 ater
1865 4194 1908 4257 de
1930 4189 2043 4262 coeio:
2071 4197 2165 4262 inae

149 4285 302 4369 prelatio.
1156 4306 1160 4371 t
1183 4280 1310 4346 medita:
1336 4290 1371 4342 et
1391 4275 1548 4342 Christus
1576 4277 1669 4342 iubet
1690 4297 1753 4342 nos
1776 4299 1855 4345 esse
1877 4279 2062 4365 discipulos
2080 4301 2163 4347 suae

234 4367 425 4455 Prophetae
446 4387 509 4432 son
531 4377 610 4433 sunt
631 4375 768 4444 tantum,
791 4365 846 4452 qui
864 4364 990 4430 habent
1012 4365 1133 4430 donum
1156 4384 1159 4395 ·
1182 4365 1292 4430 vocis:
1315 4364 1404 4432 sieut
1423 4365 1543 4449 inquitt
1569 4365 1654 4431 doec
1669 4383 1762 4432 meae
1781 4384 2004 4435 noeentmeom
2018 4371 2163 4435 audienti.

148 4456 364 4541 praedicendi
385 4452 517 4521 laturos
541 4462 692 4531 eventus,
722 4453 839 4517 sedin
863 4471 986 4539 genere
1008 4449 1133 4518 Docto·
1155 4410 1159 4551 Ι
1182 4450 1236 4514 Ab
1258 4448 1324 4514 hae
1346 4470 1432 4516 voce
1453 4471 1521 4515 non
1538 4447 1608 4515 vult
1632 4470 1696 4516 nos
1718 4451 1901 4519 discedere.

146 4558 225 4621 res,
257 4562 319 4609 seu
347 4543 547 4628 interpretes
571 4540 745 4604 doetrinae
767 4540 800 4604 in
821 4535 989 4605 Ecclesia.
1044 4535 1159 4609 lntert
1269 4534 1411 4611 Quando
1433 4546 1545 4602 auteur
1567 4536 1738 4603 didicimus
1756 4540 2077 4623 veramdoetrinanr,
2095 4550 2163 4604 tum

149 4627 214 4694 hos
235 4625 381 4696 ai'iirmat
394 4626 548 4695 Christus
571 4621 694 4691 multos
716 4620 792 4690 iore
805 4622 1133 4710 Pseudoprophetas,
1155 4622 1159 4703 l
1184 4623 1342 4689 debemus
1365 4623 1463 4687 etiam
1486 4641 1566 4687 esse
1587 4623 1733 4704 iudices,
1753 4625 1786 4691 id
1809 4636 1874 4704 est,
1897 4627 2058 4690 debemus
2081 4625 2163 4690 indi·

147 4714 274 4797 idest,
301 4712 409 4780 falsos
443 4715 601 4780 doctores
623 4723 658 4777 et
678 4711 880 4796 impostores
911 4712 945 4777 in
967 4708 1133 4779 Ecclesia·
1155 4724 1159 4787 ῑ
1184 4729 1272 4789 eure,
1295 4709 1372 4796 quid
1396 4711 1574 4775 conveniat
1597 4713 1786 4777 eumverho
1801 4710 1878 4790 Dei,
1901 4712 1980 4798 qnid
2003 4731 2162 4779 noneon·

148 4799 253 4889 ldqne
283 4800 359 4868 ideo
391 4811 521 4879 monet,
553 4819 597 4865 ne
625 4796 831 4863 offendamur
864 4795 1028 4877 seandalo
1062 4794 1133 4877 illo,
1155 4794 1158 4831 ¹
1181 4798 1304 4863 verriat.
1348 4795 1434 4862 Nam
1455 4796 1529 4862 sine
1548 4797 1717 4883 agnitione
1739 4817 1840 4865 verae
1858 4797 2042 4876 doetrinae,
2063 4818 2161 4865 nemo

195 4888 240 4955 od
261 4906 395 4975 semper
415 4888 450 4953 in
469 4883 627 4953 Eeelasia
647 4895 736 4957 sunt,
758 4894 794 4949 et
815 4882 1133 4971 eruntPseudopro·
1181 4894 1294 4968 potest
1314 4882 1508 4951 discernere
1528 4881 1616 4950 falsa
1633 4904 1655 4948 a
1677 4884 1779 4949 veris.

149 4985 282 5062 petae.
815 4980 818 4985 '
1155 5014 1158 5055 ι
1267 4969 1425 5036 Secundo
1447 4971 1583 5037 mandat
1603 4970 1670 5035 hoe
1692 4970 1827 5050 dietum,
1848 4979 1884 5036 ut
1906 4969 2118 5037 discedamus
2140 4991 2162 5035 a

235 5060 321 5127 Nam
341 5058 494 5126 homines
517 5056 731 5125 vehementer
752 5054 982 5139 offenduntur,
1002 5059 1132 5124 intuen·
1181 5053 1277 5123 ialsis
1301 5056 1507 5124 doctoribus.
1552 5056 1615 5125 llio
1632 5057 1708 5143 quia
1725 5057 1768 5125 de
1784 5055 1966 5125 schismate
1987 5057 2161 5125 dicendum

150 5159 203 5215 tes
224 5147 376 5228 dissidia,
398 5156 431 5213 et
453 5146 688 5213 distractiones
709 5144 917 5224 docentium,
946 5162 1033 5231 quae
1052 5144 1132 5211 inde
1153 5068 1161 5241 ι
1182 5155 1249 5223 est,
1270 5143 1486 5210 considerent
1507 5143 1655 5210 iunioras
1677 5140 1853 5245 vgoabnia.
