4620 5588
168 194 237 264 aar
415 189 417 192 ⁴
512 147 547 224 ·.
811 190 925 258 run.
947 190 1053 258 oran
1081 187 1271 257 semera
1291 187 1558 258 macrior.
1790 217 1794 222 ·
2120 193 2190 265 aas

171 386 291 463 nibns3
323 401 358 450 et
390 383 488 450 offert
515 384 669 448 omnibus
698 381 874 470 agentibus
907 379 1156 466 poenitentiam,
1208 378 1298 463 quod
1323 379 1526 464 praedicatio
1547 381 1752 447 remissionis
1774 394 1988 466 peccatorem
2000 383 2043 447 sit
2053 384 2187 449 univer·

170 473 399 540 remissionem
420 485 634 558 peecatorum
657 465 1013 534 etreconeiiiatiouem.
1059 464 1155 529 Utra·
1209 463 1304 542 salis,
1328 478 1359 529 et
1381 466 1558 548 pertineat,
1586 467 1627 532 ad
1651 488 1768 532 ornnes
1790 481 1929 557 ugentes
1953 470 2187 555 poenirentiam

195 580 238 625 ue
260 560 379 625 concio
401 569 455 622 est
477 554 688 640 universalis,
704 555 938 639 poenitentiae,
959 566 992 618 et
1015 553 1153 639 gratiae.
1208 563 1242 613 et
1263 552 1352 636 quod
1376 567 1513 634 peccata
1536 554 1641 639 gratis
1663 557 1871 620 remittantur·
1897 569 2035 640 propter
2056 555 2187 636 Filium,

171 581 268 712 licus
289 647 450 731 praecipit
471 645 569 708 nobis
592 644 817 720 orunibns,ut
840 651 1093 716 convertantur,
1122 649 1155 703 et
1209 656 1275 700 non
1305 641 1440 723 propter
1466 659 1613 704 nostram
1641 641 1843 726 dignitatem.
1887 642 1961 704 Non
1983 645 2052 703 oeni
2072 663 2187 707 cocere

171 743 208 800 ut
229 731 289 810 iiii,
312 735 367 817 qui
391 741 572 815 coeperunt
595 731 757 806 converti,
776 730 883 814 magis
907 738 1155 800 convertantur,
1207 726 1317 795 iustos,
1340 721 1469 789 scilieet
1491 726 1711 812 imaginantur
1732 749 1771 794 se
1792 731 1901 794 iustos
1924 749 2015 806 esse,
2038 730 2096 791 sed
2112 750 2187 811 pee-

99 886 106 897 ,
171 831 206 885 et
228 831 360 885 crescat
382 818 506 905 agnitio
530 815 749 893 infirmitatis,
779 826 812 879 et
841 810 1074 878 imbecillitatis
1097 831 1156 875 no·
1207 817 1339 891 catores,
1363 811 1395 874 id
1414 825 1467 877 est
1488 827 1713 899 agnoscentes
1730 828 1917 900 peceatum,
1938 817 1994 902 qui
2015 817 2127 882 sciunt
2146 837 2189 882 se

172 918 274 985 strae,
293 908 368 991 qnia
391 906 423 968 iu
446 899 587 989 singuiis
610 913 663 965 est
691 913 879 985 peceatum:
909 911 943 963 et
970 918 1037 984 quo
1066 898 1155 982 quis·
1206 916 1285 962 esse
1308 911 1518 980 peccatores,
1539 921 1606 965 non
1624 913 1661 965 ut
1681 905 1940 986 perseverentia
1953 904 2188 987 peccatis,sed

172 1013 253 1079 que;
277 1005 330 1056 est
352 993 474 1071 maior,
497 1010 537 1055 eo
571 990 677 1074 magis
713 983 866 1074 intelligit
898 980 1156 1051 imbecillitatem
1208 995 1246 1048 ut
1266 985 1406 1048 redeunt
1428 987 1470 1049 ari
1492 988 1738 1069 poenitentiam.

172 1090 205 1146 et
227 1079 347 1143 sordes
370 1099 462 1142 suas.
511 1073 635 1140 Paulus
659 1071 796 1139 claritat:
831 1072 910 1138 Non
931 1078 979 1136 esi
1000 1072 1035 1134 in
1056 1088 1158 1135 eritne
1296 1068 1363 1134 lam
1385 1073 1477 1136 scitis
1500 1093 1705 1140 coritmunem
1733 1077 1918 1141 doctrinam
1950 1077 1993 1140 de
2026 1077 2188 1163 gradibus

172 1186 244 1232 mcc
261 1165 384 1229 itanum.
436 1162 536 1228 Video
569 1164 670 1226 clinrn
703 1163 801 1244 lepetn
833 1163 868 1223 in
898 1158 1047 1223 innubis
1078 1160 1157 1221 triers
1208 1170 1440 1242 peccatorum,
1464 1180 1551 1244 quae
1573 1162 1640 1224 sint
1669 1175 1824 1246 peecata,
1858 1184 1944 1249 qnae
1977 1175 2132 1229 maneant
2152 1165 2188 1229 in

171 1259 402 1337 repntpnnniern
434 1251 500 1334 iepi
525 1250 639 1313 rnerriis
671 1267 770 1312 mene.
823 1243 889 1311 Vna
920 1246 1039 1309 nlicere
1068 1243 1157 1321 aiibi,
1180 1298 1184 1309 .
1209 1242 1347 1322 sanetis,
1369 1264 1455 1329 quae
1477 1268 1555 1310 non.
1601 1245 1746 1314 Peccata
1773 1270 1840 1314 non
1869 1262 1987 1315 contra
2017 1250 2188 1315 conscien-

171 1341 245 1425 qtn's
265 1359 314 1402 rne
335 1338 486 1402 liberabit
508 1336 550 1399 de
570 1354 711 1418 corpore
733 1335 848 1398 meritis
868 1331 989 1397 belew?
1024 1328 1158 1408 Videte,
1181 1317 1186 1432 l
1209 1331 1286 1394 tiam
1309 1343 1461 1408 ritanent3
1484 1329 1637 1398 videlicet
1659 1333 1780 1400 multae
1802 1348 1834 1399 et
1857 1357 2000 1423 magnae
2021 1337 2187 1402 iufirmita-

170 1425 339 1513 quomodo
362 1421 485 1488 claritat
507 1421 634 1487 David:
661 1421 878 1486 licitantem
900 1424 1158 1501 ntrrtpeccntnm,
1181 1437 1186 1507 p
1210 1429 1274 1495 tes,
1310 1418 1448 1481 sordes:
1484 1440 1550 1482 nou
1585 1435 1637 1485 est
1671 1419 1748 1486 talis
1776 1419 1832 1488 itm
1866 1434 1899 1487 et
1931 1421 2069 1488 firmitas
2098 1423 2201 1504 ficet,

170 1519 203 1577 et
224 1513 341 1575 nudum
369 1529 480 1576 eornm
512 1516 544 1573 te
564 1504 650 1590 feci,
672 1516 708 1573 nt
730 1516 765 1571 tu
786 1506 995 1592 instincerim
1027 1504 1060 1567 id
1093 1515 1158 1582 est,
1209 1523 1296 1589 quae
1319 1504 1363 1567 sit
1385 1506 1458 1568 sine
1481 1507 1739 1574 dubitationibus
1762 1506 1896 1587 multoe,
1918 1530 2004 1594 qnae
2026 1531 2091 1575 non
2111 1529 2188 1575 con·

171 1618 237 1686 ego
260 1619 335 1662 sum
357 1618 436 1662 rens
459 1610 493 1661 et
514 1607 693 1678 peccator,
724 1605 761 1658 ut
794 1606 829 1657 tu
862 1594 910 1657 sis
943 1593 1070 1670 iustus,
1093 1609 1158 1654 nos
1210 1590 1367 1656 estiatur:
1390 1590 1454 1653 Die
1474 1597 1588 1675 inrepere
1610 1592 1673 1656 ieet
1695 1600 1803 1658 nissen
1825 1596 1868 1658 do
1891 1595 1977 1658 nnnc
1994 1619 2064 1658 non.
2094 1595 2189 1662 Haeo

171 1703 351 1761 accusans,
374 1695 408 1748 et
429 1695 465 1747 ut
486 1694 520 1747 te
543 1682 704 1759 vindices,
715 1701 791 1746 cum
812 1679 982 1746 iudicaris
1026 1676 1158 1742 indicn-
1209 1696 1276 1740 non
1310 1691 1430 1743 curant
1464 1690 1499 1743 ut
1528 1679 1704 1764 Euripides
1735 1684 1855 1769 inquit:
1885 1684 1950 1747 Νέα
1978 1684 2035 1770 yc'p
2065 1681 2189 1769 φρόντις

52 1826 55 1830 ,
170 1772 222 1837 rie
243 1784 295 1836 est
314 1771 495 1855 passivum.
1209 1760 1266 1827 οἰκ
1287 1760 1390 1843 ἀλγεῖν
1411 1771 1504 1849 φιλεῖ.
1543 1766 1664 1848 Inrrpen
1687 1768 1787 1831 lemen
1808 1769 1916 1850 pelicis
1942 1770 2030 1831 nicius
2058 1792 2094 1831 ro
2124 1768 2197 1849 iicff

258 1856 435 1929 Quomodo
449 1854 544 1919 Deus
565 1854 729 1919 iudicatur
750 1853 794 1918 ab
816 1851 838 1916 lt
864 1849 1029 1936 pocrisis'i
1058 1846 1158 1914 Wenn
1207 1870 1243 1915 ru
1263 1847 1399 1913 icertzen.
1443 1850 1514 1912 Dcn
1537 1853 1638 1926 alien,
1660 1856 1780 1918 diedo
1802 1855 2189 1939 reprenderrurrpreit,ye·

171 1946 220 2009 aie
240 1962 357 2027 noym:
390 1941 452 2007 oeli
483 1960 551 2012 eoos
583 1941 683 2005 zeibet
709 1938 792 2004 micis
846 1947 894 2003 ott
921 1933 1002 2019 fur„
1018 1936 1157 2015 andern,
1207 1935 1276 1996 ists
1298 1939 1397 2017 liciter
1419 1960 1454 1999 ru
1474 1937 1614 2004 lrertzen:
1637 1944 1744 2045 magis
1760 1955 1959 2028 agnoscunt,
1983 1965 2077 2008 suain
2099 1941 2188 2006 infit·-

173 2030 226 2096 bin
248 2029 300 2094 icit
321 2026 604 2109 docbrolrmnir:
637 2025 694 2091 iile
727 2040 780 2090 est
808 2022 960 2091 fremitus
989 2025 1157 2088 adversus
1208 2023 1363 2086 mitatem.
1409 2025 1546 2090 Manent
1568 2029 1601 2090 in
1624 2031 1722 2093 nobis
1746 2026 1869 2095 multae
1890 2050 2032 2113 magnae
2055 2029 2189 2105 sordes,

170 2113 281 2199 Deum
304 2129 337 2179 et
353 2115 566 2200 impatientia,
588 2135 654 2200 qua
676 2114 840 2178 iudicatur
862 2109 957 2176 Deus
986 2111 1029 2174 ab
1052 2108 1157 2196 hypo·
1209 2127 1294 2194 quas
1326 2107 1382 2174 alii
1415 2114 1542 2198 magis,
1583 2111 1637 2178 alii
1683 2117 1791 2181 minus
1829 2130 2032 2201 agnoscunt3
2066 2127 2100 2180 et
2132 2115 2189 2200 qtrl

172 2203 274 2270 eritis.
319 2201 444 2268 Nostra
467 2215 587 2266 natura
604 2200 961 2279 astrea,etdebemns
982 2197 1158 2261 essesub·
1207 2207 1287 2259 sunt
1333 2194 1540 2277 exellentnr,
1579 2202 1686 2286 magis
1729 2213 1919 2288 agnoscent
1961 2223 2055 2267 suam
2098 2202 2190 2266 infir·

170 2290 248 2355 iecti
272 2284 513 2354 voiuntntillei
535 2288 568 2352 in
590 2289 721 2372 poenis,
744 2297 782 2350 ut
805 2297 920 2349 textus
942 2283 1041 2348 dicit:
1086 2280 1156 2346 Hu-
1209 2283 1365 2369 miiatem.
1410 2282 1536 2350 Paulus
1559 2287 1654 2351 dicit:
1688 2308 1753 2374 ego
1783 2308 1857 2354 sum
1886 2288 2035 2374 irrpmpa,
2068 2289 2101 2353 id
2124 2297 2193 2365 est,

170 2377 341 2442 mimmius
360 2375 420 2441 snb
437 2376 567 2458 poiettlt‘
582 2393 678 2440 mann
689 2373 764 2438 Dei.
808 2367 1158 2475 Egoiglturngnesco
1208 2368 1382 2437 abortiaris,
1405 2370 1465 2431 rins
1486 2375 1530 2434 ist
1551 2375 1602 2432 ein
1624 2372 1764 2445 derides,
1786 2375 2006 2437 iemmerliebes
2027 2376 2115 2456 dinp,
2138 2375 2189 2435 ein

171 2484 225 2529 me
244 2482 321 2528 esse
344 2473 567 2549 peccatorem,
579 2472 614 2525 et
634 2481 687 2526 me
708 2461 795 2525 iuste
813 2459 941 2544 ,puriirrt
964 2456 1060 2522 Sicut
1077 2456 1158 2519 dixit
1207 2458 1361 2538 smzeitipe
1392 2457 1512 2539 pebtmt.
1560 2458 1687 2525 licrsus
1721 2459 1777 2528 iiia
1807 2476 1962 2544 peccata,
1995 2482 2082 2548 quae
2110 2468 2191 2525 sunt

170 2546 229 2614 ilie
251 2550 360 2613 bouus
381 2551 540 2634 princeps
566 2549 600 2610 in
633 2547 785 2611 maximis
815 2542 1010 2621 doloribus,
1027 2541 1159 2626 Herzog
1209 2554 1327 2607 contra
1350 2546 1599 2625 conscientiam,
1620 2568 1687 2612 nou
1704 2560 1783 2614 sunt
1797 2550 1829 2612 iu
1844 2549 1987 2614 mactis:
2004 2549 2082 2633 quia
2104 2546 2188 2612 fides

160 2635 283 2702 frons
303 2655 342 2700 ιιι
359 2635 552 2720 ιαποὸιιιρι
583 2632 638 2698 icit
665 2632 730 2699 bob
757 2651 792 2696 ee
813 2634 870 2697 mit
891 2631 1013 2695 nisinen
1033 2630 1158 2694 antidea
1208 2641 1243 2692 et
1264 2631 1471 2714 propositum
1492 2635 1653 2717 peccandi
1676 2654 1742 2699 uon
1764 2647 1907 2720 possunt
1920 2633 2019 2699 sinml
2042 2653 2133 2711 esse,
2156 2640 2195 2699 et'

169 2720 332 2788 nanott
352 2723 530 2799 verdiertet,
543 2740 618 2785 enm
640 2730 734 2785 esset
751 2719 785 2784 'ei
808 2719 981 2802 praecisus
1002 2735 1065 2802 pes
1087 2735 1156 2781 uon
1179 2751 1183 2765 ·
1209 2716 1375 2781 excutitur
1396 2720 1505 2803 gratia
1534 2730 1567 2784 et
1590 2719 1735 2806 Spiritus
1768 2733 1918 2786 sanctus.
1963 2720 2062 2794 Quod
2083 2724 2195 2804 saepe·

170 2810 261 2874 bono
296 2807 458 2884 consiiior
490 2808 577 2871 sicut
608 2826 717 2892 paene
749 2806 928 2871 accidisset
961 2801 1156 2886 imperatori
1208 2802 1383 2885 repetitum
1406 2815 1457 2868 est
1478 2805 1512 2869 in
1530 2804 1713 2891 Scriptura,
1734 2820 1770 2873 ut
1783 2804 1970 2873 Ezechielis
1982 2808 2013 2873 3.
2026 2824 2190 2890 expresse

170 2891 379 2978 Ratisponae
400 2915 488 2959 anno
511 2893 574 2972 32,
604 2913 679 2957 curn
709 2892 879 2958 ceciderat
901 2886 1157 2974 Heidelbergae,
1208 2888 1343 2952 dicitur:
1376 2888 1415 2950 Si
1432 2890 1531 2968 suerit
1553 2912 1720 2955 conversae
1738 2901 1910 2976 peccator,
1937 2914 2000 2955 non
2028 2896 2191 2954 meminere

195 3001 379 3065 ersequens
412 2977 537 3066 lupum.
595 2977 658 3043 Est
689 2974 914 3044 memorabilis
947 2988 981 3041 et
1014 2973 1156 3062 pulchra
1202 2982 1407 3056 peccatorum
1428 2979 1538 3055 ipsine.
1583 2978 1626 3044 Et
1653 2981 1765 3045 addit:
1798 2980 1837 3042 Si
1867 2983 1969 3042 instes
1995 2980 2105 3062 iopen:
2121 2980 2193 3059 sae·

169 3003 320 3133 llistoria.
363 3065 444 3132 ideo
472 3063 572 3131 volco
605 3083 680 3130 earn
712 3065 844 3150 integre
875 3062 1028 3128 recitare.
1080 3059 1155 3147 Ego
1207 3060 1476 3140 rit,ee1secerit
1505 3072 1615 3126 eontra
1644 3067 1805 3135 mandate.
1833 3087 1895 3128 non
1927 3067 1998 3130 eolo
2019 3069 2192 3128 armantem

171 3163 252 3220 tuuc
274 3173 409 3240 qnoque
430 3154 481 3218 sie
504 3152 741 3237 interpretatus
763 3170 847 3233 sum,
868 3160 906 3215 ut
927 3149 1061 3214 accidit.
1207 3149 1332 3208 institia
1355 3151 1472 3230 ἐρείπει
1495 3150 1566 3212 Dm
1587 3155 1630 3214 iet
1652 3157 1702 3214 ein
1719 3153 1824 3215 ituree
1845 3159 1923 3216 ieet.
1970 3154 2090 3219 Petrus
2109 3151 2192 3218 dicit

258 3235 431 3305 Palatinus
449 3240 591 3305 (luserat
613 3238 744 3305 eumin
765 3237 991 3301 venationem:
1015 3237 1155 3317 impera·
1208 3234 1251 3299 de
1273 3231 1353 3314 iliis,
1373 3237 1428 3321 qui
1449 3238 1589 3303 redeunt
1610 3240 1653 3305 ad
1675 3242 1787 3327 priora
1810 3238 1943 3321 delicta,
1965 3260 2043 3306 esse
2061 3236 2189 3305 similes

170 3337 225 3392 tor
246 3327 432 3412 insequitur
454 3346 607 3404 cervum,
635 3338 670 3389 et
691 3324 831 3390 incurrit
852 3319 963 3408 iupus.
1009 3319 1056 3386 lbi
1075 3318 1156 3385 labi·
1209 3321 1349 3387 canibus
1382 3322 1598 3391 redeuntibus
1630 3328 1674 3392 ari
1706 3329 1876 3395 vomitum.
1920 3327 2061 3405 Quidam
2083 3343 2187 3392 cenes

170 3423 226 3480 tur
247 3411 431 3496 imperator
452 3423 486 3478 et
507 3408 633 3499 frangit
650 3430 741 3489 erus,
764 3422 798 3475 et
820 3411 889 3488 ita,
917 3420 953 3473 ut
978 3428 1047 3472 uon
1070 3408 1156 3471 bens
1178 3391 1186 3562 Ι
1209 3409 1400 3487 comedunt,
1433 3412 1524 3497 quod
1557 3425 1785 3480 evomuerunt.
1830 3414 1906 3482 Non
1933 3434 2050 3481 omnes
2077 3416 2197 3479 tameo·

169 3500 317 3587 potuerit
338 3500 465 3586 reponi.
513 3497 588 3563 Fuit
616 3498 705 3563 baud
733 3498 834 3563 dubie
856 3491 1039 3574 Diabolus,
1066 3492 1157 3559 iacta
1208 3489 1347 3572 iaciunt,
1370 3496 1458 3561 sicut
1480 3518 1547 3563 non
1570 3520 1686 3566 omnes
1711 3502 1888 3568 comedunt
1910 3514 2063 3568 stercora
2084 3500 2194 3565 domi·¹

170 3598 250 3652 sunt
270 3582 402 3666 ulcera,
426 3597 459 3651 et
479 3595 699 3650 accesserunt
726 3582 1018 3661 inflammationes,
1044 3581 1089 3645 ita
1118 3592 1156 3645 ut
1208 3601 1337 3645 norum.
1383 3581 1508 3649 Paulus
1542 3586 1662 3673 inquit:
1694 3587 1804 3653 Nolite
1832 3609 1952 3662 more,
1985 3584 2194 3659 scortatores,¹

169 3673 288 3739 medici
311 3670 546 3750 deliberarent,
579 3674 620 3738 tie
643 3671 867 3757 praecidendo
891 3688 1009 3745 crure,
1033 3679 1067 3733 et
1088 3667 1155 3730 iam
1206 3666 1395 3748 ione‘eidae,
1414 3670 1561 3752 adulteri,
1584 3693 1646 3734 non
1663 3676 1869 3756 possidebunt
1886 3697 2010 3758 reprom
2022 3674 2096 3738 Dei.
2125 3672 2189 3735 Voe

169 3758 238 3826 boe
260 3756 456 3826 conclusum
480 3770 567 3832 creir
589 3761 649 3824 seri
672 3757 850 3822 intervenit
872 3752 976 3821 irater
988 3753 1060 3819 Rex
1076 3751 1156 3818 Fer·
1208 3760 1310 3815 mrtem
1328 3754 1408 3820 boec
1424 3759 1546 3836 scistis,
1568 3761 1626 3822 seri
1646 3765 1722 3823 estis
1742 3765 1941 3844 sanctificati.
1964 3760 2011 3824 lis
2029 3759 2189 3847 pitesfelt

100 3895 105 3901 -
172 3846 399 3923 dicendumst
422 3840 603 3933 alloquitur
624 3842 794 3909 Medicus:
816 3839 906 3908 Nolo
928 3842 1074 3927 praecidi
1097 3859 1154 3925 pe·
1177 3816 1183 3882 l
1207 3841 1388 3920 seberirenr,
1411 3847 1470 3908 soie
1491 3844 1604 3908 etliclre
1626 3869 1737 3928 repen:
1766 3848 1803 3915 Si
1832 3871 1907 3915 sum
1937 3846 2080 3926 electus,
2113 3867 2189 3915 sunt

174 3932 249 3999 dem
266 3931 360 3998 irani
384 3952 478 4012 meo,
505 3951 606 4018 spero
634 3951 709 3996 eum
742 3930 836 3995 brevi
867 3948 973 4015 posse
1000 3923 1154 3992 convale-
1207 3942 1368 4013 perpetno
1391 3931 1524 4010 beatus,
1551 3933 1710 4020 quidquid
1736 3955 1820 4002 sane
1845 3933 1978 4002 faciam.
2021 3935 2097 4002 lice
2117 3953 2189 4000 nou

173 4038 283 4098 scere,
315 4031 349 4085 et
380 4038 500 4085 severe
532 4020 630 4084 vobis
662 4013 835 4102 prohibeo,
872 4034 915 4079 ne
948 4011 1153 4101 exequamini
1207 4027 1300 4080 recte
1321 4015 1373 4079 sic
1395 4016 1525 4084 dicitur.

174 4104 351 4171 eonsilium
374 4115 537 4171 vestrumz
559 4105 589 4170 si
610 4103 861 4190 processeritis,
877 4121 943 4166 nou
956 4102 1087 4166 debetis
1098 4102 1153 4167 du·
1293 4102 1433 4169 Contra:

172 4191 293 4270 bitere,
314 4193 395 4277 quin
415 4210 482 4278 ego
506 4212 569 4257 vos
592 4210 708 4256 omnes
730 4188 951 4274 suspendam-
987 4186 1035 4252 ita
1051 4185 1154 4274 impe
1342 4187 1449 4252 illecti
1468 4209 1587 4272 seraper
1605 4191 1752 4273 placenta

173 4288 268 4343 retor
288 4274 400 4344 iratris
422 4279 622 4358 interventu,
646 4297 743 4364 quern
771 4277 873 4342 credo
897 4274 1054 4341 divinitus
1086 4294 1155 4339 mo·
1337 4274 1448 4337 Dem‘d
1469 4284 1516 4338 est
1537 4276 1669 4340 eleates:

174 4373 260 4443 tum,
295 4376 348 4430 est
375 4377 542 4443 servatus,
574 4376 607 4430 et
639 4384 707 4429 non
740 4374 794 4428 est
814 4363 990 4448 praecisus
1017 4360 1048 4426 ei
1079 4380 1152 4447 pes,
1336 4359 1426 4443 Eryo
1442 4362 1553 4446 placet
1580 4369 1689 4442 etiem,
1717 4387 1784 4429 mon
1809 4368 1897 4449 rapit
1926 4365 2056 4430 mmm
2082 4367 2187 4437 conie-

172 4470 238 4517 uee
259 4451 316 4517 diu
338 4462 414 4534 post
437 4449 638 4519 convolavit.
1378 4467 1457 4530 pern,
1479 4459 1511 4514 ei
1531 4455 1679 4534 interficit
1699 4457 1805 4515 eirene

260 4536 329 4604 Sed
352 4536 529 4603 redeamus
550 4539 594 4603 ed
616 4539 693 4617 ista,
739 4555 803 4602 une
824 4535 1036 4601 instituimus.
1069 4530 1154 4599 Con-
1293 4531 1362 4598 llas
1387 4538 1511 4603 ondeo:
1532 4538 1638 4604 Electa·
1654 4560 1773 4621 seraper
1784 4540 1930 4622 placent,
1957 4536 2086 4605 seilicet
2107 4535 2187 4604 iina-

174 4623 227 4690 cio
249 4624 473 4708 poentitentiae
493 4638 546 4689 est
568 4555 779 4691 universillis.
824 4621 901 4687 Non
924 4622 1085 4687 debemus
1107 4621 1154 4685 ita
1206 4617 1292 4687 liter.
1359 4556 1452 4688 llaec
1485 4636 1539 4690 est
1577 4624 1821 4712 simplicissima
1860 4623 1993 4692 solutio.
2058 4623 2189 4692 Eruditi

172 4709 286 4777 dicere
307 4731 413 4798 quare
434 4708 529 4776 Deus
551 4730 606 4776 me
623 4707 892 4859 eruciatipuare
902 4708 979 4773 sinit
990 4707 1154 4793 opprimi‘i
1205 4718 1350 4794 possunt
1377 4708 1534 4776 subtilius
1563 4713 1777 4799 respondere.
1819 4712 1913 4778 Deus
1937 4712 2098 4798 praevidit
2124 4728 2187 4777 eor

172 4807 209 4861 ut
231 4818 347 4865 omnes
370 4798 402 4863 in
425 4794 543 4864 dolore
565 4794 748 4875 iremimus,
770 4797 856 4861 eius
878 4807 932 4861 est
948 4793 1015 4862 alio
1032 4795 1153 4882 patien·
1206 4794 1373 4860 redituros
1393 4797 1435 4861 ad
1459 4799 1709 4882 poenitentiam:
1732 4812 1811 4864 tunc
1832 4813 1943 4864 autern
1959 4794 2186 4884 uonpinceui,
2216 4816 2219 4823 ·

172 4882 248 4948 tior.
292 4884 362 4950 Sed
383 4886 417 4950 in
439 4881 516 4949 solo
534 4880 618 4949 Filio
641 4883 705 4949 Dei
728 4898 874 4949 estsere
893 4883 1062 4967 patientia,
1077 4903 1152 4948 cum
1207 4881 1341 4969 quando
1363 4878 1531 4963 labuntur,
1552 4886 1694 4951 necdum
1715 4885 1854 4950 redeunt
1871 4885 1914 4951 ad
1935 4885 2186 4972 poenitentiam.

172 4967 265 5034 dicit:
286 4968 360 5033 ll'on
381 4971 468 5054 quod
489 4990 548 5052 epo
570 4970 652 5043 eolo,
674 4971 732 5033 sed
752 4969 838 5052 quod
860 4977 895 5032 ιιι
916 4973 973 5045 oie,
990 4973 1059 5052 fiet.
1104 4968 1154 5034 Si·
1206 4966 1303 5034 Alias
1325 4970 1368 5034 de
1389 4965 1550 5036 bianasse
1572 4982 1605 5036 et
1626 4966 1732 5036 Paulo
1754 4971 1818 5036 diei
1841 4986 1978 5058 posset:
2006 4970 2096 5054 Erpa
2113 4969 2198 5053 ple,

172 5067 229 5121 eut
250 5067 361 5122 autem
385 5057 592 5142 praedicatio
614 5058 847 5144 poenitentiae,
863 5067 917 5123 est
939 5053 1153 5134 universalis,
1206 5063 1255 5118 eet
1276 5052 1400 5118 Paulus
1420 5059 1606 5140 interficiens
1626 5065 1764 5122 sanctor.
1808 5057 2010 5145 Respondeo
2032 5054 2206 5125 ilnnliter.¹
2236 5089 2241 5098 ·

170 5161 239 5228 qna
271 5145 423 5231 arguitur
453 5155 630 5232 peecatum
660 5145 695 5212 iu
721 5142 892 5212 omnibusr
922 5141 976 5209 lta
995 5143 1156 5224 mamus,
1204 5141 1283 5220 lios¹
1300 5143 1460 5211 debemus
1481 5145 1628 5225 iudioers
1649 5144 1694 5212 de
1714 5141 1888 5215 voluntate
1906 5144 1973 5214 Del
1999 5144 2195 5216 somonam
