4620 5588
110 217 156 285 π
394 240 399 250 ·
798 211 1016 282 rosetum
1037 210 1440 279 ucnmmomana
1651 249 1657 259 -
1759 286 1769 298 ,
2077 208 2123 280 ιι

135 403 203 471 nod
223 405 267 469 ad
289 412 446 468 exterum
456 420 569 469 mores
590 402 719 482 attinet,
738 403 845 468 minus
857 400 1093 486 turpitudinum
1228 397 1304 464 Non
1338 400 1478 466 dicimus
1500 419 1582 486 ergo
1605 399 1647 464 de
1668 397 1801 464 Sanctis
1822 397 1856 464 in
1878 396 2049 471 Ecclesia,
2082 407 2121 466 ιιι

110 426 173 557 lut
188 489 279 575 apud
300 486 452 569 iudaeos,
473 508 571 574 quem
592 490 679 574 apud
702 498 831 576 gentas.
874 487 943 552 Sed
963 484 1013 551 illi
1033 484 1093 551 iai·
1141 484 1350 565 invocentur,
1373 487 1461 551 sicut
1481 485 1636 571 Papistae
1657 484 1811 551 adhunc
1832 484 1930 550 tinem
1952 481 2123 551 celebrant

112 597 153 641 so
170 584 287 660 putent
309 594 348 640 se
369 575 475 640 iustos
498 594 589 653 esse,
610 585 746 660 propter
768 574 927 639 exercitia
949 569 1093 660 discipli·
1142 566 1232 634 festa
1252 570 1467 638 Sanctorum:
1510 572 1663 637 iuhemus
1684 590 1801 636 ornnes
1829 570 1922 656 sequi
1944 569 2011 638 hoo
2032 588 2118 636 meu

111 682 186 727 uae.
215 661 349 725 Interim
370 658 472 725 muita
492 672 570 726 sunt
591 661 624 724 in
647 660 694 725 cis
716 679 840 725 arcana
851 669 1005 744 peccetur
1027 659 1093 724 sic·
1143 657 1256 721 datum
1277 655 1355 722 Dei:
1400 656 1564 719 Doniimaa
1584 656 1685 719 Deam
1706 663 1789 718 tason
1809 655 1978 727 adoratis,
2007 663 2038 718 et
2058 656 2123 740 spe

112 758 149 814 ut
169 748 204 811 in
226 748 290 812 isto
325 744 393 811 tilio
423 756 502 810 natu
523 747 651 811 maiore
672 746 777 810 exerit
797 765 837 810 se
858 745 980 808 invidia
1001 754 1036 809 et
1056 740 1093 807 li·
1115 780 1120 858 p
1142 739 1206 802 soe
1236 744 1361 808 semies.
1405 740 1503 809 ltem:
1548 741 1620 824 Epo
1653 763 1718 804 ram
1739 740 1891 804 Dominam
1912 741 2000 804 Deru
2030 749 2121 807 ιιιιιιι

113 852 186 898 vor.
228 830 356 896 invidet
388 832 473 916 patri
505 829 587 896 illud
621 852 651 895 m
722 851 775 894 um
798 830 953 916 gaudium
981 831 1023 895 de
1043 829 1093 893 iu·
1116 869 1119 884 α
1142 825 1217 889 Non
1237 826 1364 889 habebis
1385 820 1468 891 aiios
1488 827 1575 890 Deos
1591 836 1721 909 praeter
1741 848 1798 892 mc.

112 928 215 984 vento
247 915 328 981 filio.
371 916 499 982 invidet
531 913 626 981 fratri
648 936 687 980 sc
702 928 807 994 utem,
841 915 936 981 ouius
971 891 1120 980 caussal
1230 910 1306 978 Sem
1331 933 1368 977 er
1394 924 1504 979 eutem
1536 915 1569 979 in
1591 912 1747 980 Ecclesia
1768 911 1829 979 fuit
1852 912 2121 978 commemoratio

112 1000 230 1069 laetari
250 1003 361 1086 potius
384 1003 537 1081 debehat,
557 1002 646 1088 quod
669 1012 762 1066 esset
783 1001 1042 1084 reddituspetri,
1060 1011 1093 1064 et
1116 973 1120 1119 i
1144 997 1187 1062 de
1210 932 1453 1065 excellentibus
1474 1001 1648 1083 personis,
1681 1019 1768 1085 quac
1789 1000 1979 1066 servierunt
2003 995 2121 1063 Eccle-

114 1090 174 1152 toti
192 1109 234 1154 co
261 1086 396 1152 nationi.
419 1086 573 1153 Ostendit
590 1106 628 1152 se
644 1084 742 1171 plane
759 1085 966 1172 dotopyomt
977 1085 1093 1152 crude
1145 1083 1216 1148 siae
1237 1084 1271 1148 in
1294 1086 1394 1149 certis
1415 1085 1614 1152 ministeriis.
1658 1085 1750 1151 llaec
1766 1084 2046 1161 commemoratio,
2068 1099 2121 1147 re·

113 1171 177 1240 lent
200 1193 221 1237 a
246 1191 365 1236 versus
388 1184 516 1258 patrem
529 1183 568 1236 'et
589 1168 735 1239 fratrem.
770 1170 864 1237 llaec
885 1169 1094 1258 nicropytaest
1116 1125 1121 1237 l
1144 1180 1235 1234 mota
1267 1169 1517 1255 superstitione,
1548 1181 1582 1237 et
1613 1169 1820 1250 idololatria,
1843 1183 1897 1237 cst
1917 1168 2132 1236 necessarie,

113 1279 194 1325 vere
216 1255 427 1407 Diabolicpm
448 1269 635 1342 peccatum.
678 1257 762 1322 Nam
785 1257 919 1344 quando
946 1257 1094 1323 extincta
1117 1259 1121 1336 i
1146 1252 1246 1323 Οιαιιι
1266 1255 1305 1316 oh
1327 1257 1491 1321 caussam?
1512 1257 1597 1330 Quia
1618 1275 1763 1321 necesse
1783 1265 1836 1321 est
1857 1245 1937 1321 sciri
1947 1254 2121 1321 historiam

114 1356 167 1410 eet
189 1341 295 1429 crepy»)
317 1342 352 1408 in
391 1345 531 1422 romine,
560 1363 702 1427 prorsus
736 1353 788 1409 est
809 1353 929 1407 natura
950 1339 1092 1408 hominis
1117 1338 1120 1389 t
1144 1335 1328 1404 Ecclesiae.
1383 1341 1478 1407 Siout
1498 1340 1682 1407 Romanum
1714 1343 1821 1407 civem
1853 1352 1985 1427 oportet
2017 1357 2122 1405 nosse

112 1439 250 1512 mutata,
282 1438 316 1494 ct
337 1425 500 1495 Diabolus
527 1429 633 1516 magis
656 1430 829 1516 magisque
848 1423 988 1512 impellit
1009 1429 1092 1493 eius
1117 1400 1120 1485 l
1143 1422 1314 1490 historiam
1336 1423 1506 1493 Romanae
1539 1428 1693 1506 civitatis,
1725 1439 1759 1493 ct
1789 1445 2054 1513 unumquemque
2086 1425 2121 1491 in

111 1515 202 1581 modi
222 1513 388 1579 hominem
409 1515 443 1579 in
464 1525 614 1600 peccata.
1116 1491 1120 1524 ¹

198 1597 261 1664 Est
282 1600 315 1663 in
336 1597 432 1665 Xeno
456 1598 559 1666 hontc
579 1601 621 1665 de
638 1620 751 1665 amore
771 1595 934 1664 fraterno:
975 1596 1039 1668 Qrti
1060 1617 1094 1660 re
1115 1585 1119 1637 ¹
1166 1614 1229 1660 uae
1260 1596 1305 1660 ad
1336 1590 1441 1682 ipsine
1463 1600 1670 1664 vocationem
1692 1610 1864 1684 spectant,
1890 1599 1963 1663 sive
1984 1598 2029 1662 sit
2050 1595 2120 1662 hle·

114 1693 204 1748 curci
226 1693 256 1747 ei
278 1691 379 1756 emat,
411 1621 465 1748 ide
487 1689 580 1747 eiiam
596 1687 729 1764 fratrem
750 1691 850 1756 curat,
872 1691 902 1746 ct
924 1682 965 1745 de
986 1702 1023 1746 eo
1045 1690 1093 1746 ert
1143 1614 1248 1752 dicus,
1272 1681 1345 1748 sive
1368 1682 1522 1749 bellator.
1566 1683 1624 1749 Sic
1643 1684 1867 1750 Christianum
1887 1692 2020 1768 oportet
2040 1700 2121 1747 nos·

113 1769 277 1833 ametro.
310 1768 353 1834 Et
375 1771 463 1856 apud
486 1769 699 1838 Salomonem
725 1781 792 1835 est:
814 1769 985 1832 dietmar
1006 1789 1093 1830 amor
1141 1783 1181 1830 se
1200 1763 1373 1833 historiam
1395 1767 1579 1836 Ecclesiae.

114 1874 217 1919 menn
233 1857 332 1934 fortis
353 1863 409 1918 ert.
454 1855 547 1936 item,
569 1855 735 1921 Hesiodus
756 1855 876 1941 inquit:
894 1852 968 1917 Non
985 1856 1118 1956 saciari
1227 1851 1305 1917 Non
1326 1854 1456 1921 dehetis
1476 1857 1523 1921 ite
1544 1852 1658 1920 stolidi
1671 1875 1758 1948 lesse
1780 1852 1927 1932 etiami,
1949 1864 1985 1918 ιιι
1997 1853 2121 2003 capite·

115 1944 232 2004 mim
253 1940 381 2002 aimileau
398 1943 516 2020 fratris
538 1940 626 2021 Μῆιε
647 1940 812 2030 κασιγνήτῳ
835 1937 940 2022 dpotor
967 1943 1091 2020 ποιῆσαι
1140 1936 1201 2001 tis:
1234 1936 1321 2012 Quid
1344 1941 1457 2004 adme
1477 1942 1620 2023 pertinet
1640 1939 1815 2007 Ecclesiae
1842 1939 2003 2005 historia?
2058 1958 2122 2023 pse

113 2030 237 2112 ιιαῖρον.
280 2025 377 2091 Deus
410 2029 454 2091 ite
488 2028 652 2092 ordinavit
672 2038 838 2104 naturam,
866 2037 903 2091 ιιι
924 2027 1092 2090 inenarra-
1141 2019 1250 2088 Biblia
1271 2023 1371 2107 plena
1392 2038 1472 2091 sunt
1493 2026 1721 2106 historiarum,
1756 2027 1788 2090 in
1815 2027 1934 2111 quihus
1957 2036 2010 2090 est
2030 2044 2121 2090 com·

112 2109 170 2178 bili
193 2130 307 2176 amore
328 2112 474 2177 interea
496 2113 640 2178 devincti
663 2115 730 2176 sint
750 2111 893 2186 iratres3
916 2110 1092 2178 etnisiali·
1141 2110 1334 2174 memoratio
1357 2111 1400 2175 de
1421 2110 1540 2184 Adam,
1564 2113 1606 2177 de
1616 2109 1716 2191 Abel,
1735 2113 1778 2177 de
1787 2111 1873 2189 Noe,
1897 2109 1990 2188 Sem,
2010 2109 2121 2175 Abra·

137 2199 189 2262 uis
223 2199 267 2262 sit
298 2208 522 2278 monstrosus,
556 2199 657 2262 sentit
678 2197 841 2262 {lanimem
863 2198 988 2261 amoris
1010 2212 1093 2281 erga
1141 2193 1229 2278 hem,
1250 2192 1359 2274 diosc,
1380 2195 1546 2276 Samuele,
1568 2196 1711 2277 Doride,
1721 2197 1807 2278 Elia,
1819 2194 1965 2275 Elisaco,
1988 2206 2023 2260 et
2044 2213 2120 2261 cac·

114 2217 265 2362 latrem,
287 2293 443 2369 tanquam
464 2303 545 2370 erga
566 2293 691 2367 partem
714 2283 870 2367 propriae
887 2293 1037 2346 naturae.
1094 2299 1098 2305 ·
1141 2281 1238 2343 teris:
1272 2300 1412 2364 quorum
1441 2280 1655 2348 historiarum
1688 2284 1799 2348 studio
1831 2279 1922 2348 velle
1948 2281 2118 2368 ignorare,

197 2367 354 2433 Christus
388 2369 534 2433 nominat
565 2387 629 2432 nos
661 2367 782 2431 iratres
815 2385 907 2430 suos.
952 2366 1091 2431 Multum
1141 2383 1283 2449 magrms
1300 2364 1396 2431 furor
1416 2379 1469 2432 est
1491 2379 1525 2432 et
1547 2368 1685 2432 insanin.

114 2464 168 2518 est
197 2464 307 2518 eutem
338 2454 464 2558 habere
493 2449 692 2517 benevolum
718 2448 875 2529 fratrem,
906 2460 941 2514 et
962 2463 1015 2514 est
1035 2470 1091 2516 res
1227 2447 1319 2534 Ergo
1351 2451 1463 2517 dicere
1490 2452 1532 2517 de
1553 2454 1700 2533 sanctis,
1733 2459 1778 2513 est
1800 2453 1935 2555 rectem
1954 2450 2120 2512 Ιιίιιοιιαιιι

111 2536 600 2710 ”eistetentis
621 2536 986 2707 ξξξξζαῖξῖαααααα
1003 2641 1090 2687 ααα.
1141 2530 1319 2699 ἲξῖξῖξζ
1340 2534 2119 2690 iiiiii,¹tltt'lttti‘tzlti’tt‘t

110 2727 194 2788 rem,
225 2720 305 2774 tunc
327 2706 409 2775 nihil
430 2705 538 2785 aliud,
559 2728 658 2794 qoam
678 2705 781 2773 furias
803 2717 836 2771 et
858 2707 934 2771 odia
955 2709 1091 2786 excitat,
1140 2703 1331 2788 giraudum,
1353 2709 1396 2772 de
1417 2707 1558 2794 singulis
1579 2707 1696 2775 saitem
1719 2710 1884 2795 personis,
1905 2726 1991 2794 quae
2011 2709 2118 2793 ingu-

113 2804 148 2860 et
180 2807 324 2880 occupat
353 2795 468 2873 corda,
499 2805 537 2859 ιιι
568 2814 642 2858 cunt
665 2789 822 2857 Eteocles
856 2803 889 2857 et
911 2789 1089 2877 Polynices
1141 2790 1338 2857 hamaticae
1359 2789 1505 2874 fuerunt,
1526 2796 1738 2882 cogitandum
1759 2813 1848 2861 esse.
1881 2793 1950 2859 imo
1972 2813 2053 2858 vero
2073 2793 2119 2860 de

111 2890 212 2946 rmnt
242 2880 277 2945 ln
305 2881 429 2946 caedes
456 2891 596 2945 munias.
639 2877 683 2944 Et
703 2880 791 2944 sicut
813 2877 991 2963 proverbio
1012 2878 1089 2945 dici·
1140 2875 1296 2942 universa
1317 2874 1472 2944 Ecclesia
1494 2881 1669 2947 dicendum
1691 2892 1760 2947 eat:
1793 2891 1825 2945 et
1847 2881 2044 2966 gubernatio
2065 2888 2118 2944 to·

109 2975 182 3030 ιιιιι
222 2965 369 3031 mum
389 2968 458 3026 troc
478 2973 550 3027 mat
569 2965 794 3031 mutirem.
838 2960 930 3028 Talis
950 2973 1004 3027 est
1023 2964 1089 3027 iste
1137 2961 1204 3024 tius
1218 2960 1395 3029 Ecclesiae
1415 2966 1586 3044 intuenda,
1607 2965 1684 3031 inde
1705 2986 1814 3051 usquc
1834 2969 1878 3032 eh
1898 2964 1991 3030 initio
2014 2962 2058 3029 ad
2078 2961 2117 3027 ii·

108 3047 217 3117 irater
237 3063 316 3116 natu
338 3051 454 3130 maior,
477 3049 620 3115 efferens
640 3069 681 3115 sc
702 3050 863 3135 superbe,
895 3057 928 3112 et
949 3045 1089 3114 crudeli·
1138 3064 1223 3110 nem.
1267 3046 1344 3113 Non
1378 3061 1431 3115 cst
1463 3052 1601 3116 historia
1632 3049 1818 3129 Ecclesiae,
1851 3071 1925 3116 oum
1958 3047 2117 3115 Monaohi

110 3145 164 3200 ter
193 3133 360 3202 hiscimus
392 3133 496 3202 fratri.
540 3134 640 3201 'linies
660 3146 741 3201 sent
761 3133 968 3221 hypocritae,
990 3153 1088 3238 qnae
1137 3130 1357 3214 particulares
1379 3153 1461 3201 suas
1482 3135 1677 3222 Impendas,
1711 3138 1855 3215 dehoc,
1882 3131 2018 3201 cutilia
2040 3153 2116 3199 sau·

110 3232 188 3287 runt
219 3223 460 3307 oppressiones
493 3218 633 3287 aliorum
661 3231 695 3286 et
719 3220 907 3307 parricidia.
951 3217 1087 3286 Umrer·
1140 3228 1196 3280 oto
1232 3231 1289 3283 aut
1312 3216 1457 3287 &emito
1479 3222 1687 3301 describunt,
1707 3221 1864 3310 neglecta
1886 3220 2043 3285 continua
2063 3238 2117 3284 sc·

111 3303 236 3388 seliter,
256 3308 452 3394 pypooritce
471 3318 551 3372 sunt
572 3308 762 3392 superbiet
783 3301 948 3373 crudeles.
1136 3301 1186 3366 rie
1196 3263 1417 3371 historiarum
1438 3305 1623 3374 Ecclesiae.

185 3422 188 3426 Δ
1224 3388 1309 3455 Sunt
1329 3402 1440 3456 eutem
1461 3408 1604 3459 musone
1625 3393 1710 3458 duae
1736 3388 1953 3478 principales,
1979 3404 2042 3541 pro
2065 3401 2117 3456 tet·

1138 3492 1222 3557 quas
1256 3487 1387 3560 oportet
1416 3475 1588 3543 historiam
1609 3475 1785 3544 Ecclesiae
1805 3495 1928 3542 nosset
1960 3477 2017 3542 vd
2051 3477 2115 3543 icet

1137 3570 1273 3643 propter
1292 3562 1490 3643 doctrinam,
1509 3571 1544 3627 ct
1564 3564 1744 3650 gratiorem
1764 3564 1937 3630 actionem·

316 3661 597 3728 DiE10ANNlS
624 3659 883 3727 Berrte'rne.

111 3899 308 4072 wdsffi
324 3899 1086 4058 ffllssffssffl‘mffifssfflfflffi
1280 3908 1396 4014 Quae
1427 3921 1491 3994 est
1519 3909 1702 3993 doctrina
1731 3907 1973 4022 praecipua?

111 4073 390 4151 cst-invocanda,
420 4071 485 4137 nisi
506 4073 735 4155 omnipotens,
768 4082 802 4134 et
823 4073 1087 4157 omnipraesens.

113 4155 208 4224 lleue
230 4155 433 4244 hypothesin
455 4169 586 4242 opertet
607 4176 746 4224 manem
768 4155 894 4222 lituram
915 4159 949 4223 in
972 4155 1089 4224 Eoo-le·
1223 4157 1269 4225 Ut
1288 4161 1457 4227 &acutus
1478 4160 1567 4240 inde,
1589 4158 1667 4246 qnid
1689 4159 1733 4223 sit
1749 4155 1916 4238 Ecclesia,
1939 4157 2047 4244 qualis
2070 4159 2116 4225 sit

115 4243 176 4310 eia.
218 4242 298 4309 Non
319 4256 373 4309 cst
394 4245 495 4330 igitur
515 4243 704 4327 recipienda
725 4239 794 4308 ullo
817 4243 935 4322 modo,
968 4245 1087 4318 idest,
1139 4247 1337 4330 guhematio
1359 4240 1545 4324 Ecclesiae,
1567 4246 1647 4331 quid
1668 4245 1799 4309 intersit
1818 4242 2114 4325 interlloclesiem,

112 4329 428 4399 neciutrodueenda
448 4330 482 4394 in
492 4327 691 4409 Ecclesiam,
712 4349 778 4395 nec
799 4325 998 4395 stabilienda
1008 4350 1087 4395 con·
1138 4340 1173 4397 et
1193 4328 1259 4396 alia
1279 4333 1452 4420 regimina.

112 4415 252 4481 suetudo
273 4415 451 4481 invocandi
471 4413 574 4495 eliud,
596 4415 662 4479 nisi
681 4427 853 4481 aeternnm
874 4413 1019 4496 Patrem,
1035 4415 1089 4481 Fi·
1223 4415 1300 4482 Non
1328 4419 1455 4504 regem
1474 4413 1632 4481 Ecclesia
1656 4412 1808 4481 humanis
1831 4413 1998 4495 consiliis,
2028 4415 2117 4483 stent

111 4496 188 4568 lietu
210 4499 294 4580 Dei,
328 4498 462 4566 Domini
481 4499 589 4566 nostri
617 4499 692 4566 lesa
715 4499 850 4580 Christi,
873 4513 909 4567 ct
929 4501 1088 4586 Spiritu
1137 4498 1273 4587 politiae
1294 4514 1328 4568 et
1348 4502 1501 4586 imperie3
1522 4501 1584 4565 etsi
1605 4498 1690 4567 heec
1711 4521 1845 4586 qaoque
1860 4498 2025 4567 nonsclls
2036 4520 2116 4567 eou-

111 4596 273 4652 sencturn.
317 4583 424 4651 Solus
442 4597 598 4655 aetcnms
620 4584 867 4667 Paracletus,
890 4586 1089 4673 etSpiritus
1138 4585 1223 4653 siliis
1244 4601 1277 4654 et
1298 4588 1474 4674 praesidiis
1494 4585 1662 4666 humanis,
1695 4586 1873 4672 gubernari
1900 4597 1958 4652 eut
1978 4604 2123 4651 consec*

111 4683 249 4739 sutem
271 4670 479 4737 invocandus
500 4682 564 4736 est.
597 4670 640 4737 Et
661 4694 737 4740 cum
759 4671 842 4738 nihil
861 4674 907 4739 sit
927 4675 1090 4740 invocen-
1138 4674 1210 4740 vari
1231 4685 1390 4760 possuntt
1410 4672 1473 4739 scd
1494 4684 1603 4738 mmm
1624 4673 1658 4738 in
1676 4669 1832 4737 Ecclesia
1853 4675 1960 4758 magis
1983 4672 2116 4757 corrept·

111 4756 200 4835 dein,
220 4759 312 4843 qaod
333 4774 403 4825 non
423 4767 616 4824 catastam
637 4755 760 4836 Dentes
789 4779 856 4825 aon
879 4771 932 4824 est
952 4761 1089 4826 invoca·
1140 4761 1233 4837 citur,
1254 4780 1327 4825 eam
1350 4757 1474 4849 colligi,
1492 4759 1570 4846 tegi,
1592 4770 1627 4824 et
1647 4758 1776 4824 servari
1797 4759 1965 4824 divinitus.
1998 4755 2034 4820 ln
2055 4758 2115 4822 ira·

111 4843 158 4909 tio
192 4843 366 4931 dirigenda
397 4843 441 4907 ed
462 4840 567 4909 ullum
587 4845 759 4910 Sanctum.
803 4844 854 4910 'l'u
884 4865 952 4911 non
985 4846 1090 4911 debes
1138 4846 1315 4931 periisset
1332 4843 1699 4913 summoturum
1720 4846 1993 4929 gubemctoremt
2038 4839 2114 4908 talis

111 4927 238 4997 dicerer
279 4928 396 4992 mer
415 4928 567 5000 loannes.
590 4929 706 4994 οιιιιιιιι
727 4951 804 5003 aaa·
845 4941 916 5009 aet,
937 4929 1007 4992 Oro
1027 4952 1089 5013 pro
1139 4932 1305 4998 ordinaria
1336 4932 1511 4999 successio
1539 4949 1607 4996 non
1628 4941 1741 4996 manet
1762 4929 1796 4994 in
1816 4924 1982 4995 Ecclesia.
2026 4925 2114 4994 Gon·

110 5013 219 5086 utta·
258 5015 337 5101 quia
358 5015 527 5083 incutio
547 5015 661 5084 ute-tt
681 5016 745 5089 rei.
773 5037 872 5104 quam
893 5016 1100 5084 invocamus·
1139 5017 1315 5083 stituuntur
1335 5017 1470 5103 politiae
1494 5015 1645 5082 humanis
1667 5015 1818 5102 legibus,
1838 5025 1872 5080 ct
1892 5013 2114 5081 defenduntur

77 5127 80 5133 ·
111 5100 391 5195 omnipotentiam.
1139 5103 1254 5169 uniet
1275 5115 1310 5173 et
1327 5102 1573 5192 guhmratores
1593 5097 1784 5190 deliguntur
1805 5101 1948 5168 humano
1961 5096 2114 5180 oonsilio,

1117 1531 1120 1580 ι
1143 1527 1207 1574 suo
1238 1529 1363 1596 genere
1395 1522 1526 1599 oportet
1545 1531 1651 1579 nosse
1672 1513 1842 1579 historiam
1864 1532 1978 1579 earum
1999 1530 2121 1590 rerum,
2256 1554 2258 1558 -
