4620 5588
142 152 188 221 ts
785 151 900 217 Pntl..
921 149 1026 218 Mea
1048 148 1235 218 SCRIPTA
1256 148 1520 217 amoenos.
2108 152 2155 221 to

142 339 308 409 violenter
338 338 459 406 trabat.
514 338 667 405 Pictores
688 335 736 405 illi
756 339 1023 425 Noribergenses
1044 360 1121 425 pec·
1173 335 1272 413 mine,
1304 337 1393 402 sicut
1423 337 1557 446 ponitur
1588 340 1694 405 vestis
1725 341 1760 404 in
1792 359 1915 405 arcam.
1952 336 2067 407 -Fiuat
2087 342 2155 407 ista
2190 395 2192 399 .

143 438 272 506 cerunt,
305 446 380 490 cum
412 422 629 511 indulgebant
660 427 732 490 suis
754 427 1055 512 imaginationibus,
1089 434 1123 490 ει
1173 419 1282 501 simul,
1304 421 1395 507 quod
1417 423 1559 508 spiritus
1581 436 1720 490 sanctus
1737 436 1842 490 mutat
1864 425 1978 506 corda,
2007 436 2041 492 et
2061 427 2155 512 qnod

141 510 412 581 vociferabantur
443 531 482 575 se
514 531 581 575 non
614 531 719 596 posse
742 513 891 577 credere.
933 511 1001 596 ipsi
1023 513 1121 577 debe·
1173 504 1273 572 homo
1295 508 1409 592 incipit
1430 529 1545 595 agere,
1568 522 1603 576 et
1622 530 1811 598 repugnare
1833 510 2044 577 diffidentiae.
2085 511 2155 577 Sed

142 601 224 664 bant
256 617 443 684 repugnare
477 597 687 675 dubitationi,
729 608 764 661 et
795 595 998 662 diffidentiae
1028 617 1121 663 suae.
1173 611 1241 656 non
1273 605 1351 658 sunt
1395 593 1608 661 deducendae
1646 610 1776 661 ruentes
1808 598 1852 662 ad
1884 597 2154 663 Entbusiasticos

142 684 190 750 lta
222 703 285 748 nos
309 685 469 748 debemus
500 680 589 747 banc
619 682 840 747 obedientiam
865 680 971 765 Deo„
987 694 1025 748 ut
1046 704 1121 749 eum
1173 697 1212 742 ra
1238 688 1313 756 tus,
1345 680 1442 765 quasi
1463 678 1607 765 Spiritus
1640 693 1778 750 sanctus
1810 685 1883 749 sine
1916 680 2008 749 lucta
2035 696 2155 749 nostra

142 771 293 835 audimus
315 765 545 852 Evangelinm,
567 768 828 852 acquiescamus.
1174 700 1298 828 efdeiat
1321 766 1586 831 conversionem.
1773 828 1776 835 ,

228 854 370 927 Quando
392 854 562 939 arguimur
576 851 687 918 audita
710 873 795 918 voce
817 853 938 934 divina,
961 855 1120 920 debemus
1257 846 1446 935 Diligenter
1466 852 1567 937 igitur
1597 852 1665 918 hoc
1685 864 1902 934 mementote,
1935 854 2026 939 quod
2057 852 2154 920 Deus

141 959 329 1028 agnoscere
354 951 510 1025 peccata,
543 949 576 1003 et
596 935 859 1004 incredulitatem
888 951 1056 1017 nostram,
1088 950 1122 1004 et
1171 932 1306 1000 inchoet
1338 939 1610 1021 conversionem,
1641 933 1686 1003 ἐι
1724 941 1815 1024 quod
1854 950 1965 1004 tamen
1999 951 2154 1024 oporteat

141 1027 304 1093 desistere
325 1045 346 1089 a
367 1026 539 1109 proposito
560 1025 732 1108 peccandi.
785 1024 844 1089 Sic
873 1047 947 1092 cum
970 1026 1120 1091 audimus
1173 1020 1335 1086 accedere
1372 1024 1604 1090 assensionem
1640 1035 1802 1090 nostram.
1860 1023 1972 1091 Nolite
2005 1026 2156 1112 cogitare

141 1108 405 1177 consolationem
428 1129 470 1175 ex
492 1111 713 1194 promissione
734 1107 928 1196 Evangelii,
960 1112 1120 1177 debemus
1174 1106 1427 1171 conversionem
1459 1126 1538 1173 esse
1564 1120 1696 1192 motum
1731 1108 1911 1176 violentum
1942 1112 1976 1175 in
2007 1106 2152 1177 homine.

141 1197 296 1264 assentiri
318 1197 405 1273 Deo,
425 1207 460 1259 et
480 1208 606 1280 petere,
627 1207 662 1260 ut
683 1192 791 1274 Deus,
818 1198 874 1282 qni
895 1195 996 1262 trabit
1018 1196 1121 1261 corda
1173 1188 1299 1255 Paulus
1321 1211 1364 1254 ex
1387 1212 1483 1258 resse
1503 1195 1625 1280 inquit:
1658 1195 1751 1261 Deos
1771 1200 1842 1279 dot,
1874 1206 1914 1262 ιιι
1941 1199 2065 1265 colitis:
2096 1198 2155 1264 ubi

141 1303 203 1368 per
224 1285 376 1359 verbum,
399 1281 574 1346 confirmet
594 1300 658 1345 nos
676 1281 800 1364 Spiritu
822 1292 950 1346 sancto.
994 1281 1121 1346 Tenea·
1172 1286 1283 1340 autem
1315 1213 1404 1342 rede
1435 1290 1503 1358 est,
1537 1282 1582 1344 ibi
1610 1291 1663 1346 est
1696 1283 1858 1366 quaedam
1890 1285 2055 1348 assensio.
2110 1281 2155 1348 Et

140 1389 214 1434 mus
235 1368 297 1433 bas
319 1362 469 1452 regulas:
502 1369 626 1445 Quorrto
652 1367 754 1447 mopis
775 1377 1000 1449 perterrentur
1020 1373 1122 1433 were.
1172 1373 1307 1427 veteres
1350 1362 1485 1428 dicunt:
1528 1365 1622 1431 Deus
1648 1366 1802 1434 volentem
1843 1372 1962 1435 trater:
1998 1365 2105 1433 Ἕλκει
2134 1366 2153 1433 o‘

140 1457 201 1521 stis
233 1455 323 1520 dabit
341 1455 496 1537 Spiritum
527 1462 673 1518 renotem
693 1453 884 1535 petentibus.
938 1453 997 1519 Et:
1030 1453 1122 1518 Derra-
1174 1445 1255 1526 δεός,
1277 1446 1357 1513 ἀλλὰ
1378 1449 1557 1532 βουλόμενον
1573 1451 1662 1516 ἕλκει.
1695 1452 1769 1518 Ηοε
1791 1462 1844 1518 εει
1865 1455 1997 1540 signum
2017 1454 2154 1521 tractio·

142 1540 249 1622 efficit,
271 1546 306 1601 ot
327 1540 439 1621 velitis,
462 1539 549 1604 idem
569 1541 689 1621 efficiet
709 1545 814 1622 ettam,
836 1548 874 1604 ot
888 1540 1081 1621 petieratis.
1172 1533 1225 1597 nis
1248 1533 1391 1612 divinae,
1423 1537 1556 1622 quondo
1588 1548 1642 1602 est
1674 1539 1707 1602 in
1736 1539 1833 1603 nobis
1866 1539 2085 1618 desiderium,
2119 1551 2154 1605 et

226 1623 288 1689 llle
320 1625 421 1687 miser
450 1621 551 1688 bomo
575 1623 777 1689 Franciscus
810 1625 928 1708 Spiera
960 1644 1028 1690 non
1059 1621 1122 1689 fuit
1172 1615 1261 1683 velle
1282 1620 1447 1684 assentiri.
1490 1620 1534 1686 ttr
1560 1643 1758 1710 quamquam
1775 1624 1842 1689 hoc
1861 1625 1971 1710 ipsum
1992 1620 2081 1691 vella
2098 1636 2153 1691 est

139 1721 231 1776 reete
252 1711 434 1787 institutus,
459 1729 534 1774 cum
556 1710 589 1773 in
611 1709 763 1773 maximis
785 1709 957 1776 doloribus
983 1707 1121 1775 indulsit
1170 1702 1352 1785 infirmum,
1386 1716 1495 1772 tannen
1528 1710 1672 1773 tenenda
1703 1720 1757 1775 εει
1790 1707 1991 1776 consolatior
2034 1710 2154 1778 Linum

139 1798 212 1862 suis
240 1795 511 1861 dubitationibus.
567 1792 631 1866 Qui
663 1792 840 1861 adsuerunt
872 1796 920 1875 ei,
953 1796 1121 1861 debebant
1168 1792 1337 1872 [tortiones
1367 1810 1431 1858 ιιοιι
1467 1801 1647 1878 attamen
1691 1803 1724 1861 et
1755 1799 1943 1862 arundineo
1963 1796 2154 1878 φιεειειιειιι

138 1882 150 1948 i
174 1884 205 1946 si
225 1902 286 1968 pro
310 1899 412 1946 onere
426 1878 613 1944 mandatnm
630 1880 786 1959 divinum,
807 1890 844 1947 ut
864 1882 994 1946 audiret
1003 1876 1120 1946 Filium
1171 1895 1238 1941 nou
1257 1877 1446 1959 wafriopet.
1797 1925 1799 1929 ν

175 1968 217 2033 ei.
305 1967 449 2031 ebebant
469 1984 591 2050 urgere
610 1966 875 2050 promissionem,
907 1967 997 2052 quod
1017 1963 1120 2032 Filius
1257 1961 1351 2029 Haec
1372 1963 1483 2027 omnia
1506 1964 1682 2048 cogitanda
1703 1975 1796 2038 sunt,
1831 1987 1906 2033 cum
1933 1965 1990 2033 bic
2019 1965 2151 2033 dicitur:

138 2050 203 2117 Dei
225 2048 306 2118 velit
326 2071 389 2116 nos
417 2052 642 2135 trepidantes,
675 2048 875 2130 imbecilles,
904 2062 938 2116 et
969 2050 1119 2117 infirmos
1172 2044 1202 2110 Ο
1291 2052 1333 2113 lle
1353 2054 1484 2114 labore.
1527 2050 1681 2136 Agamus
1701 2062 1810 2117 autem
1832 2053 1957 2137 gratias
1975 2048 2057 2118 Filio
2073 2051 2153 2131 Dei,

139 2138 281 2223 erigere.
324 2137 503 2202 Debebunt
524 2156 599 2201 eum
621 2137 762 2207 docere,
787 2157 855 2201 non
877 2138 1120 2221 exspectandos
1195 2065 1375 2211 misma
1397 2145 1448 2198 εει
1479 2135 1585 2220 ipsius
1606 2137 1751 2216 bonitas,
1783 2148 1821 2202 ut
1842 2135 1979 2224 colliget
2000 2138 2063 2204 sibi
2086 2136 2152 2203 lic·

139 2242 218 2290 esse
249 2232 364 2306 raptus
390 2220 569 2300 violentos,
602 2222 663 2285 sed
696 2222 822 2287 debere
856 2241 930 2288 eum
962 2223 1120 2287 resistere
1173 2219 1311 2282 oesiam
1344 2239 1385 2282 ex
1418 2220 1558 2299 misera,
1593 2219 1758 2307 squalida,
1789 2233 1824 2287 et
1856 2223 2022 2288 immunda
2054 2218 2152 2291 faece

139 2319 173 2374 ct
214 2327 405 2393 repugnare
443 2307 647 2372 dubitationi.
720 2305 810 2371 ldem
852 2326 916 2373 nos
961 2309 1118 2374 debemus
1171 2304 1306 2387 generis
1328 2303 1474 2383 hnmani,
1501 2316 1535 2370 et
1555 2307 1642 2372 adeo
1666 2308 1734 2371 sitit
1756 2317 1905 2374 nostram
1927 2306 2088 2388 salutem,
2114 2320 2152 2374 ut

139 2394 282 2470 discere,
315 2392 448 2478 quando
470 2411 586 2457 sumus
607 2393 641 2456 in
662 2403 780 2472 morte,
808 2402 841 2457 et
862 2393 1022 2458 sentimus
1044 2413 1120 2480 gra·
1171 2387 1270 2452 etiam
1290 2390 1494 2474 trepidantes
1516 2411 1580 2455 nos
1602 2388 1681 2457 velit
1702 2393 1765 2456 sibi
1788 2394 1979 2479 adiungere.

137 2480 295 2546 vissimas
317 2477 530 2543 tentationes.
1256 2472 1294 2538 ln
1316 2474 1382 2540 fine
1404 2475 1537 2541 dicitnr:
1568 2481 1672 2544 boues
1703 2483 1847 2559 repletas
1873 2488 1933 2545 ert.
1978 2479 2027 2545 lbi
2048 2478 2151 2565 signi·

223 2562 438 2629 Habebamus
480 2560 536 2627 bie
570 2559 736 2626 bominem
772 2563 949 2647 quendam,
985 2581 1050 2649 ogo
1083 2574 1118 2629 et
1170 2556 1304 2624 ficetum
1336 2569 1389 2625 εει
1421 2562 1636 2628 εοιιειίιιιιιιιιι
1667 2581 1746 2628 εεεε
1778 2575 1907 2647 tempus
1941 2561 2150 2639 collectionis

137 2646 302 2715 Dominus
322 2659 447 2733 pastor,
469 2648 525 2732 qui
547 2654 636 2727 (cum
654 2645 906 2713 consolaremur
928 2656 1017 2726 eum)
1040 2669 1119 2714 con·
1170 2642 1356 2724 Ecclesiae,
1391 2656 1424 2710 et
1455 2658 1574 2731 postea
1605 2645 1751 2713 futurum
1783 2669 1862 2715 esse
1893 2648 1992 2714 linem
2014 2662 2047 2714 et
2068 2650 2151 2715 iudi·

137 2735 310 2802 meraciter
327 2733 566 2817 respondebat:
599 2731 717 2804 Qualis
746 2742 837 2797 esset
858 2731 952 2800 Deus
973 2734 1056 2812 iste,
1089 2733 1119 2797 si
1170 2730 1274 2805 cinm3
1296 2731 1337 2794 de
1360 2750 1426 2814 quo
1449 2732 1547 2796 etiam
1569 2728 1628 2796 illa
1649 2735 1754 2798 verba
1780 2731 1814 2800 lo
1839 2747 1975 2801 uantur:
2004 2734 2080 2798 Noa
2092 2756 2152 2816 prr-

138 2839 191 2886 me
212 2840 279 2884 non
301 2829 418 2904 posset
439 2816 618 2882 damnare?
650 2815 733 2881 Erat
752 2818 851 2902 impia
866 2839 947 2896 vox,
964 2836 1119 2904 pugnans
1168 2819 1300 2881 meant
1328 2816 1377 2881 titi
1408 2817 1472 2882 viri
1500 2837 1632 2883 coenum
1665 2837 1774 2886 meato.
1816 2756 2033 2886 &enuntiant
2062 2822 2151 2886 enim

139 2925 215 2971 cnm
236 2905 421 2969 iuramento
442 2901 523 2967 Deir
563 2906 633 2968 Vivo
654 2922 719 2983 epo,
751 2908 827 2968 noio
853 2912 984 2970 mortem
1000 2923 1118 2984 pecco·
1170 2900 1257 2966 baec
1276 2902 1382 2966 verba
1402 2903 1622 2967 tristissimam
1644 2901 1872 2970 exclusionem
1883 2925 1944 2970 seu
1954 2906 2152 2972 eiectionem

137 2992 233 3068 ioris,
253 2992 314 3055 seri
331 2996 367 3053 ot
388 2995 597 3055 eoaowtotar
618 2994 651 3054 et
670 2989 766 3053 siout.
1170 3005 1213 3051 ex
1234 3005 1339 3071 regno
1362 2983 1510 3067 coelesti.
1565 2987 1639 3061 Qua
1667 2991 1921 3057 comminatione
1953 2989 2078 3078 singuli
2098 2993 2151 3058 sic
2198 3046 2201 3051 .

224 3071 476 3142 Stenckieldius
509 3073 606 3138 etiam
646 3069 782 3138 clamat:
814 3076 978 3156 Exspecto
1019 3076 1120 3140 donec
1170 3067 1261 3136 affici
1283 3072 1417 3150 debent,
1449 3083 1487 3137 ut
1518 3073 1697 3138 flectantur
1718 3075 1761 3140 ad
1794 3077 1957 3161 agendam
1977 3076 2150 3160 poeniten·

138 3160 230 3228 Deus
250 3169 282 3226 te
302 3160 416 3226 tratur
432 3162 478 3224 od
496 3160 739 3225 emersionem
793 3155 861 3224 Alii
883 3159 1011 3238 dicunt,
1039 3156 1121 3224 nibil
1170 3158 1266 3221 tiam:
1287 3157 1374 3222 sicut
1395 3157 1628 3224 universaliter
1648 3160 1724 3224 ideo
1742 3174 1972 3245 proponuntur
1991 3184 2037 3229 ac.
2055 3180 2151 3247 repe·

137 3265 242 3333 agere
268 3242 435 3310 bominem
472 3245 507 3310 in
538 3245 769 3310 conversione.
830 3242 899 3309 Sed
931 3242 1025 3309 furor
1058 3254 1120 3324 est,
1171 3253 1282 3307 tantur
1314 3245 1585 3311 comminationes
1618 3245 1875 3326 severissimae,
1913 3258 1951 3313 ιιι
1982 3246 2036 3312 bis
2068 3248 2151 3312 moti

138 3333 186 3398 lta
207 3331 329 3396 dicere.
388 3327 528 3414 Semper
562 3328 628 3393 boc
656 3349 772 3395 verum
794 3341 847 3396 est
867 3329 960 3394 initio
983 3349 1120 3397 conver·
1171 3328 1392 3394 exuscitemur
1414 3330 1458 3410 ad
1480 3349 1593 3394 euram
1620 3341 1653 3395 et
1679 3329 1925 3397 solicitudinem
1951 3332 2150 3417 impetrandi

139 3417 244 3484 sionis
266 3427 300 3481 et
345 3425 454 3494 ostea,
476 3418 657 3482 Proeeorrte
676 3421 795 3497 patro,
823 3424 992 3482 comitante
1011 3421 1120 3482 oomn-
1170 3415 1381 3480 aversionem
1401 3434 1596 3499 poenarum,
1616 3436 1698 3481 vera
1718 3418 1931 3500 poenitentia,
1963 3418 2086 3502 pietate
2106 3438 2149 3483 ac
2225 3411 2236 3423 ”

138 3511 215 3571 tate.
268 3438 435 3566 Voluntas
458 3513 748 3587 quantumcunque
779 3498 920 3579 infirma,
953 3501 1052 3566 debet
1073 3497 1120 3587 lu3
1170 3498 1281 3565 studio
1303 3500 1454 3565 discendi
1474 3498 1662 3588 Evangelii,
1693 3502 1830 3568 assidm
1862 3514 1897 3568 et
1923 3503 2053 3569 ardenti
2073 3521 2150 3588 pre

139 3588 236 3668 etad,
267 3597 304 3652 ut
336 3587 554 3666 assentiatur,
586 3595 621 3650 et
652 3583 811 3652 luctando
843 3587 957 3652 vincat
990 3587 1119 3651 dubita·
1170 3585 1310 3650 catione.

137 3675 262 3741 tionem
285 3682 320 3739 et
340 3669 567 3737 diffidentiam.
619 3670 737 3756 Neque
758 3674 935 3739 conversio
958 3682 1028 3750 est,
1061 3682 1119 3737 aut

137 3756 176 3825 fit
195 3755 278 3837 ulle,
299 3759 433 3844 quando
454 3777 523 3822 non
544 3767 597 3822 εει
626 3753 718 3820 lucta
748 3769 866 3822 contra
893 3754 1115 3822 diffidentiam.

137 3841 211 3924 llle,
234 3844 290 3928 qui
310 3862 380 3908 non
401 3838 581 3909 reluctatur
595 3841 801 3922 dubitationi,
823 3843 952 3926 respuit
968 3844 1117 3908 verbum.

137 3927 200 3994 Est
222 3940 333 3993 autem
352 3928 438 4008 fider
458 3949 500 3995 ex
520 3929 644 3998 madito,
665 3930 795 3993 martur
810 3947 873 4011 per
893 3931 1031 3993 oubam.
1286 3906 1510 3975 D0M¹N¹0A
1539 3908 1594 3973 ΠΙ·
1626 3906 1740 3974 POST
1771 3907 2030 3978 TfflNlTATlS·

222 4012 301 4078 Non
322 4025 481 4097 operatur
501 4015 640 4077 verbum
657 4014 804 4097 magice,
835 4013 896 4078 sed
928 4014 958 4076 si
990 4013 1119 4092 audias,
1731 4050 1754 4087 ,μ

139 4097 282 4186 cogites,
303 4099 513 4176 assentiaris,
534 4117 702 4184 repugnes
728 4099 791 4162 ima
818 4098 1018 4163 inutionibus
1041 4117 1120 4161 con·
1294 4121 1296 4125 ¹
1391 4092 1668 4183 Evangelium
1696 4094 1833 4163 Lucae
1862 4096 1920 4162 15.

138 4185 249 4252 uariis
271 4185 388 4248 verbo.
442 4183 518 4248 lioo
545 4202 620 4249 eum
652 4180 759 4261 sacis,
790 4119 886 4249 isus
907 4193 961 4248 est
987 4178 1120 4261 efficax,

137 4269 241 4337 trabit
262 4279 307 4348 te,
329 4279 362 4334 et
382 4269 535 4335 accendit
566 4267 674 4335 iidem.
730 4267 806 4334 Hoc
832 4265 1022 4335 verecunde
1040 4267 1120 4332 dici·
1221 4282 1276 4348 De
1301 4302 1360 4347 ουρ
1383 4289 1415 4347 02
1440 4281 1600 4348 drachma
1621 4283 1761 4363 amm,
1792 4291 1825 4349 οε
1848 4283 1917 4371 fiat,
1940 4285 2093 4370 prodest,

136 4365 193 4423 tur
217 4375 240 4420 a
266 4354 478 4420 Nazianzeno
510 4352 564 4418 bis
585 4355 714 4421 verbis:
752 4357 861 4422 Omnis
892 4359 995 4420 virtue
1026 4360 1077 4420 εει
1098 4374 1121 4418 a

137 4440 226 4524 Dao3
263 4442 363 4506 dator·
400 4450 505 4506 autem
542 4439 661 4508 voram
696 4447 729 4506 et
764 4439 986 4508 eumeniam
1040 4435 1122 4504 Vult
1256 4435 1342 4502 Tota
1372 4433 1458 4500 baec
1501 4436 1621 4503 concio
1654 4447 1709 4502 est
1756 4433 1980 4520 pulcherrima
2010 4449 2149 4525 propter

138 4527 263 4606 dicere,
296 4524 464 4592 bominem
493 4543 596 4610 posse
628 4544 830 4612 repugnare;
863 4525 925 4591 sed
958 4545 1033 4591 cum
1053 4524 1121 4590 hoc
1169 4523 1319 4608 insignes
1344 4521 1524 4608 imagines3
1557 4543 1696 4609 quarum
1716 4524 1823 4608 prima
1843 4535 1914 4603 est,
1948 4524 1990 4589 de
2010 4536 2150 4608 pastore

137 4612 230 4692 lacit,
252 4631 321 4677 non
344 4611 558 4677 convertitur.
592 4610 733 4697 Oportet
744 4632 781 4676 er
804 4630 988 4677 oannuere
1005 4613 1118 4676 verbo.
1171 4619 1325 4694 gestante
1346 4627 1443 4673 ovem
1470 4608 1504 4672 in
1532 4609 1696 4685 humerls;
1727 4607 1851 4689 altera,
1883 4609 1925 4675 de
1946 4610 2072 4676 amisso
2094 4611 2150 4677 de·

225 4696 263 4763 Si
284 4694 396 4763 David
418 4717 502 4781 repa
572 4708 645 4762 sset
672 4716 777 4762 conso
813 4698 894 4762 tioni
916 4694 1119 4781 Prophetae,
1171 4693 1283 4768 nario;
1315 4693 1427 4772 tertia,
1447 4692 1489 4759 de
1512 4694 1643 4759 duobus
1665 4690 1753 4773 liliis,
1785 4695 1927 4782 prodigo
1960 4707 1994 4760 et
2014 4691 2148 4782 frugali.

137 4783 306 4871 periisset,
326 4784 414 4850 sicot
435 4781 527 4848 Suu.
582 4779 650 4847 Sed
683 4801 752 4847 non
774 4791 947 4868 repugnat,
975 4779 1120 4847 luctatur
1170 4776 1233 4844 list
1253 4788 1362 4845 auteur
1384 4776 1584 4863 applicanda
1604 4777 1690 4845 baec
1723 4781 1841 4845 concio
1875 4781 1919 4846 ad
1951 4775 2149 4868 illamprin-
2237 4834 2244 4853 .

184 4867 261 4948 tius,
282 4879 318 4933 ut
338 4869 552 4949 assentiatur,
585 4879 618 4934 et
638 4864 796 4933 luctando
829 4869 941 4936 vincit.
994 4867 1031 4933 ln
1052 4867 1119 4934 bac
1170 4861 1312 4950 cipalem
1344 4865 1553 4943 sententiam,
1585 4875 1618 4929 et
1651 4865 1846 4945 doctrinam,
1880 4886 1966 4952 quae
1998 4887 2149 4953 compre·

152 4962 228 5019 ncta
261 4953 404 5038 Spiritus
436 4955 546 5021 sancti
578 4964 631 5020 εει
662 4949 803 5032 efficax,
836 4954 893 5039 qui
924 4963 1008 5019 cum·
1021 4952 1120 5018 datur
1168 4948 1323 5016 benditur
1349 4951 1383 5015 in
1405 4949 1511 5016 dicto:
1550 4948 1631 5016 Vivo
1651 4970 1728 5036 epo,
1759 4952 1835 5017 nolo
1865 4960 2001 5020 mutuo
2031 4973 2148 5038 pecea-

137 5035 357 5107 nobissima]
378 5049 483 5107 mutat
503 5057 579 5107 nos.
610 5039 709 5119 ,Non
740 5040 827 5106 enim
853 5041 900 5106 ita
928 5049 982 5105 εει
1001 5038 1038 5105 in
1058 5039 1118 5105 bo·
1167 5037 1264 5115 toris,
1283 5035 1343 5103 sed
1362 5042 1399 5101 ιιι
1419 5043 1631 5104 eooommr
1656 5043 1689 5102 et
1709 5036 1810 5103 εἰεει
1865 5035 1960 5111 Quae
1992 5049 2047 5108 est
2070 5060 2148 5125 pro·
