4620 5588
27 217 31 225 ·
172 139 252 271 ἰιι
835 200 1576 275 rmnmnsoamasxscarrca
2143 194 2231 279 ru.

186 394 320 461 dicitur:
353 393 523 473 mtritcott
549 392 615 476 fida
642 413 754 477 puceu
785 392 941 459 nodemus.
985 391 1066 460 Vita
1096 395 1171 464 sine
1222 394 1430 474 missionum,
1451 411 1592 480 quamn
1613 391 1700 462 uliae
1720 405 1802 462 sunt
1821 396 2016 481 rpr'r'itsuiea
2036 372 2079 466 de
2096 400 2212 466 remis·

184 476 262 548 Deo
285 493 320 548 et
341 478 467 547 auxilio
489 482 633 566 Spiritus
667 480 777 547 sancti
809 482 876 547 ruit
903 481 937 546 in
971 483 1080 546 omnis
1113 501 1171 568 ge-
1221 484 1319 547 sione
1340 494 1569 564 peccatorum,
1590 480 1770 548 donatione
1791 480 1937 571 Spiritus
1959 487 2071 553 sancti
2093 496 2129 551 et
2149 489 2211 554 bo·

183 586 286 634 neres
308 565 460 645 scelera3
482 569 616 655 quando
638 578 748 632 autem
765 564 868 633 homo
879 569 1080 648 renascitur,
1101 580 1169 634 tum
1221 568 1275 634 nis
1297 569 1464 647 aeternis,
1497 565 1584 633 aliae
1611 571 1806 653 corporatus
1832 572 1876 636 de
1904 573 2002 639 bonis
2025 568 2211 658 corporali·

183 654 288 723 hebet
320 673 429 720 novos
462 666 572 720 motus
610 674 673 720 con
701 665 837 720 ruentes
871 674 947 720 cum
979 652 1059 744 lege
1091 654 1169 722 Del.
1223 655 1298 720 bus.
1333 651 1430 719 Deus
1452 652 1553 719 edidit
1569 657 1838 738 promissionem,
1860 668 1895 722 et
1916 655 1988 725 vult
2009 671 2210 727 eamnotau

183 738 277 809 'l'alis
300 752 352 806 est
373 742 460 808 enim
482 752 604 815 motus,
627 675 735 828 qu5is
755 750 808 806 est
830 754 950 808 motor.
1192 788 1196 829 ,
1221 759 1318 820 esse,
1345 752 1380 806 et
1400 741 1543 829 agnosci
1565 738 1686 822 lilium,
1716 743 1791 829 quis
1812 745 1856 808 sit
1873 755 1908 810 et
1930 766 2018 832 quae
2038 746 2107 811 sint
2133 747 2212 813 elus

272 824 448 895 Zachaeus
471 825 507 894 fit
537 828 720 895 membrum
743 826 919 894 Ecclesiae
939 829 1052 895 vivum
1075 829 1169 895 inro-
1192 840 1196 853 '
1221 826 1394 894 beneficia.
1438 825 1529 893 Dicit
1551 827 1654 893 tilium
1676 848 1756 895 esse
1777 831 2033 898 instauratorem
2056 833 2210 899 vitreae·

185 933 268 982 cans
290 914 400 981 Deum
424 913 546 995 fiducia
568 916 779 992 mediatoris3
800 917 1006 1001 propositum
1019 914 1105 980 enim
1117 928 1170 981 est
1220 923 1349 992 ternuc,
1369 911 1559 979 abolentem
1580 927 1754 1001 peceatum
1787 926 1822 981 et
1842 929 2003 997 mortem,
2037 930 2071 984 et
2102 937 2209 1003 saepe

184 998 252 1067 hoc
271 1002 306 1068 ln
329 999 485 1068 zachaeo
508 1001 708 1088 exemplum,
732 1003 823 1088 quod
845 1001 1001 1068 Christus
1012 999 1095 1068 velit
1116 1020 1169 1068 re-
1192 1060 1196 1075 ,
1218 1000 1254 1066 in
1276 999 1452 1066 sanatione
1474 1015 1688 1087 aegrotorum
1701 1003 1874 1068 coniunxit
1884 1004 1971 1071 haec
1983 1007 2088 1071 dictat
2109 1004 2211 1072 Fida

183 1089 298 1240 2222
307 1090 677 1238 utilitati
703 1090 797 1238 222
809 1085 1169 1258 222222211011011ιαῖ
1219 1086 2212 1253 222,’22222222222222222222222Ἢ

269 1261 368 1329 Nunc
390 1263 561 1330 videamus
583 1197 764 1329 entitlisgin
797 1263 1079 1343 adversariorum,
1111 1262 1169 1341 uui
1219 1261 1341 1326 anima.
1385 1257 1428 1325 Et
1450 1261 1501 1325 sic
1524 1258 1682 1328 miracula
1704 1275 1782 1329 sunt
1804 1265 1992 1331 testimonia
2014 1199 2213 1351 prdprsstssto·

184 1350 285 1417 etiam
306 1359 377 1416 tres
410 1362 524 1436 partes
546 1350 925 1435 poenitentiaeponnntr
947 1347 971 1412 Ι.
995 1347 1171 1415 Contritio·
1220 1369 1310 1428 num,
1325 1346 1416 1434 quod
1433 1344 1514 1414 velit
1534 1358 1711 1436 utrumque
1733 1352 1815 1416 dare
1842 1351 1933 1417 boue
1961 1350 2155 1438 corporalia
2177 1363 2214 1418 et

182 1455 272 1516 aen,
299 1456 400 1584 ppuam
427 1437 582 1542 dixepunt
611 1438 731 1542 mereri
758 1437 991 1502 remissionem
1012 1447 1168 1522 peccato·
1220 1435 1311 1501 bona
1332 1446 1479 1539 aeterua.
1570 1506 1603 1540 ,υ

182 1545 306 1677 tis..
328 1520 1169 1689 2222222222222222222222222222
1220 1522 2216 1697 2222222222ιῇ2222222222222222

179 1696 297 1781 titedor
329 1699 492 1765 adeona
523 1703 555 1761 tc
586 1702 753 1784 peccatum
786 1716 887 1762 meum
913 1702 945 1761 et
976 1696 1170 1762 irdustitiunr
1223 1695 1331 1760 credit
1347 1695 1501 1775 intuitur,
1523 1693 1620 1762 iota
1640 1697 1741 1762 uitem
1763 1704 1945 1764 aetenum.
1990 1695 2033 1763 Et
2055 1696 2213 1764 omnibus

181 1803 303 1865 meum,
335 1792 368 1850 et
397 1783 555 1850 Dmuinua
585 1785 711 1851 reuisit
738 1786 929 1870 impietaten
949 1785 1080 1869 peccati
1098 1783 1169 1849 mei.
1222 1782 1416 1848 mundatum
1439 1792 1501 1854 est,
1519 1794 1556 1846 ιιι
1578 1780 1670 1849 hunc
1692 1779 1796 1849 lilium
1806 1780 1874 1849 Dei
1895 1796 2097 1869 agnoscant,
2120 1783 2213 1851 stab

182 1866 276 1958 Ergo
309 1868 482 1936 consessio
514 1881 729 1958 peccatorum
762 1883 814 1936 est
847 1868 1064 1939 necmsurtut
1106 1866 1169 1935 lle
1221 1888 1264 1934 eo
1281 1879 1403 2017 petant
1424 1867 1655 1934 remissionem
1676 1881 1906 1956 peccatorum,
1926 1867 2213 1950 iustificationem,

182 1957 347 2044 spondeo.
392 1956 462 2023 lsta
484 1954 655 2025 confessio
681 1968 734 2024 est
756 1958 965 2024 contritionis
992 1955 1169 2042 expressio
1220 1965 1254 2019 et
1307 1952 1521 2018 nereditatem
1547 1955 1636 2020 vitae
1664 1967 1832 2021 aeternae.
1876 1955 2069 2022 Mandatum
2097 1957 2213 2022 immo-

34 2084 45 2091 —
184 2064 300 2114 coram
322 2043 399 2110 Deo
422 2041 598 2110 ueletiam
620 2063 734 2110 (nram
756 2040 923 2122 Ecclesia,
946 2038 1168 2108 utconl'esslo
1221 2051 1289 2105 tum
1301 2050 1334 2104 et
1345 2050 1518 2105 aeternum
1527 2051 1595 2106 est:
1616 2039 1714 2107 Hera
1735 2043 1856 2111 ouda.
1899 2041 2032 2108 Deinde
2042 2043 2100 2109 dat
2110 2044 2213 2111 etlam

184 2129 341 2197 baboel.
385 2130 444 2197 Du
464 2131 567 2198 ιιεΙιιι
588 2149 626 2197 er
647 2128 781 2218 publice
801 2131 868 2196 uad
884 2126 1031 2214 apricat:
1050 2126 1170 2193 tctotn
1222 2129 1312 2193 bona
1334 2123 1540 2210 corporalia,
1574 2147 1662 2214 quue
1694 2128 1822 2195 habent
1848 2131 2098 2214 exceptionem,
2132 2129 2214 2215 qnia

180 2218 235 2285 etit
256 2216 467 2305 sycophanta
487 2218 555 2283 uad
576 2215 792 2284 defraudator
809 2234 971 2302 pererrem
992 2216 1054 2280 sed
1070 2234 1170 2298 agam
1220 2210 1377 2281 Ecclesia
1398 2223 1452 2279 ost
1472 2213 1625 2280 subiecta
1648 2214 1741 2280 cruci
1753 2228 1787 2281 et
1798 2212 2055 2296 calamitatibus,
2076 2214 2213 2283 ethaeo

112 2336 113 2340 ¹
180 2305 429 2392 poenitentiam.
473 2300 528 2370 De
555 2305 622 2370 luac
649 2299 865 2369 contusione
891 2299 1040 2387 loquitur
1061 2299 1166 2407 Chrp·
1221 2301 1311 2366 bona
1334 2319 1375 2364 cu
1417 2297 1522 2365 oralia
1539 2300 1647 2367 datin
1666 2320 1804 2389 genere,
1825 2303 1930 2389 quiin
1947 2300 2212 2388 hacvitaopur·

182 2401 366 2457 sostomus.
410 2388 500 2456 Nihil
533 2391 580 2456 ita
611 2386 726 2475 placet
762 2389 872 2456 Deum
899 2388 965 2455 nisi
998 2384 1169 2453 confessio
1221 2397 1270 2451 tet
1288 2320 1586 2459 esserEcclesiam
1610 2387 1663 2452 cni
1685 2389 1741 2452 det
1763 2387 1877 2475 aliqua
1898 2385 2057 2475 hospitia,
2079 2398 2116 2455 ut
2137 2408 2211 2455 ser·

181 2479 324 2566 peccati.
358 2475 554 2544 Pertinaces
576 2472 730 2542 homines
751 2477 786 2542 in
809 2471 1007 2540 defensione
1027 2470 1169 2540 idolola·
1221 2485 1278 2540 vot
1299 2471 1431 2560 aliquos
1454 2484 1583 2538 coetus.
1628 2471 1769 2560 Oportet
1790 2474 1923 2562 aliquos
1946 2494 2042 2555 essu,
2064 2475 2121 2560 qui
2145 2475 2212 2540 dis·

182 2565 268 2631 triae
290 2576 324 2632 et
345 2563 524 2630 iniustitiae
546 2552 614 2628 noir
636 2564 835 2650 perveniunt
854 2563 898 2628 ad
919 2562 1168 2648 poeniteutiam.
1222 2572 1315 2640 cunt,
1337 2561 1511 2625 etiterum
1533 2555 1679 2648 aliquos,
1697 2561 1759 2649 qui
1781 2562 1915 2627 docent.
1963 2560 2059 2628 liano
2089 2580 2212 2628 conso·

181 2649 279 2719 Dens
302 2646 392 2729 vult,
426 2661 463 2715 ut
495 2668 740 2736 agnoscamus,
761 2648 852 2737 quod
873 2649 961 2715 iuste
983 2649 1088 2715 simus
1111 2649 1169 2714 da·
1220 2644 1380 2713 lationem
1412 2646 1574 2714 debemus
1602 2657 1733 2728 tenere,
1766 2659 1800 2714 et
1826 2647 1894 2714 lide
1925 2658 2076 2715 statuere
2096 2647 2212 2715 Deum

183 2737 298 2806 musti.
320 2735 432 2803 Tertia
452 2757 535 2822 pars
557 2736 766 2802 contritionis
787 2734 973 2821 papisticus
991 2745 1044 2802 est
1061 2735 1169 2804 desc·
1218 2731 1293 2799 lore
1315 2733 1516 2819 praesidium
1537 2730 1726 2815 Ecclesiae,
1747 2735 1846 2799 etiam
1865 2754 1941 2801 cum
1956 2733 2213 2820 humanaprae·

183 2823 438 2910 &loedorias-r,
458 2823 569 2891 dauon
589 2823 775 2891 reinduitur!
792 2824 897 2910 lupari.
1222 2821 1308 2886 sidia
1329 2839 1398 2886 nun
1420 2831 1499 2887 sunt
1520 2820 1555 2885 in
1577 2830 1776 2907 conspectu,
1798 2823 1889 2886 iuxta
1906 2817 2005 2887 illude
2037 2819 2110 2888 Scit
2142 2824 2212 2888 Do·

1222 2908 1346 2987 minua,
1381 2907 1496 2992 quibus
1529 2927 1612 2991 opus
1643 2907 1803 2974 lodwtts.
1846 2907 1968 2974 Nonne
2000 2926 2132 2975 summa
2156 2912 2212 2973 est

341 3043 568 3113 norun
589 3043 1008 3122 ornavimus·
1221 2992 1572 3164 irrisistis:
1589 2995 2211 3161 representasset

420 3163 692 3254 Evangelium
715 3165 852 3235 Lucae
875 3165 927 3234 18.
1222 3165 1265 3232 de
1287 3163 1504 3232 facultatibus
1526 3168 1665 3249 nostris,
1689 3187 1733 3231 au
1754 3168 1935 3255 posteritas
1957 3178 2075 3233 nostra
2097 3166 2210 3252 possit

423 3306 611 3392 mmm
630 3313 736 3371 “mm
757 3304 850 3372 '‘m''
870 3314 930 3372 “⁰⁰
1220 3250 2039 3429 222ἑιξξιιινιῑοὲιι2ω2ιιιιξηιῑο3ᾚιιι222222122ὦὶἱὶ
2054 3264 2209 3421 '33:³2

388 3441 490 3527 (⁰⁰⁰ss
514 3441 590 3512 vok
600 3441 724 3510 'mv‘
746 3443 959 3532 pfflsqq')
1217 3445 1291 3494 om
1305 3509 1524 3600 Evangelium
1548 3510 1651 3578 habet
1677 3514 1932 3598 promissionem
1954 3509 2143 3581 futurorum
2172 3524 2209 3580 et

268 3599 380 3667 Primo
403 3599 550 3666 omnium
570 3610 653 3665 nota
674 3619 753 3666 esse
777 3600 878 3668 debet
899 3600 1086 3667 communis
1108 3599 1166 3665 dc·
1217 3599 1444 3686 praesentium
1478 3600 1663 3681 bonorum,
1699 3614 1733 3667 et
1764 3612 1875 3667 tamen
1906 3622 1976 3668 nun
2002 3620 2139 3688 semper
2171 3603 2208 3667 iu

182 3686 289 3754 cinna
321 3684 566 3753 miraculorum.
622 3684 774 3753 Caussae
806 3696 945 3774 propter
966 3705 1052 3773 quas
1081 3687 1167 3753 reci·
1218 3686 1336 3774 specie
1358 3684 1417 3751 tibi
1438 3683 1505 3749 hou
1527 3685 1644 3765 datur,
1668 3688 1759 3773 quod
1788 3707 1895 3757 suave
1923 3699 1989 3754 est.
2031 3687 2110 3774 lpse
2132 3684 2209 3755 vult

104 3820 107 3825 -
184 3783 296 3840 tantur
313 3772 489 3852 miracula,
510 3784 589 3840 suut
611 3784 767 3860 quatuor.
1218 3793 1297 3841 esse
1320 3772 1474 3839 diversas
1495 3767 1676 3839 facultates
1693 3772 1880 3855 hominum,
1902 3786 1935 3840 et
1956 3775 2024 3841 hou
2052 3794 2118 3841 suo
2147 3775 2208 3840 mi·

269 3857 403 3940 Rima,
435 3861 513 3947 quia
546 3871 625 3925 sunt
657 3859 845 3927 testimonia
878 3859 1060 3926 doctrinae.
1104 3857 1168 3924 llio
1218 3856 1331 3927 rabili
1347 3857 1487 3925 consilio
1514 3860 1672 3940 instituit,
1706 3872 1743 3928 ut
1769 3863 1821 3926 sic
1844 3859 1931 3927 alter
1953 3861 2053 3927 alteri
2075 3861 2208 3927 servire

181 3956 417 4099 22222222
430 3944 784 4100 'dissiliit
806 3942 1170 4123 institisti·
1219 3948 1338 4100 22222
1359 3943 1848 4120 ditissimi
1864 3956 2053 4102 titiis?
2063 3947 2205 4121 2ιῇ

1156 4066 1170 4082 .
1327 4078 1337 4112 ‚
1811 4081 1820 4100 ‚
1952 4081 1961 4099 .

181 4121 313 4186 sionem
334 4116 531 4198 Ecclesiae,
553 4079 594 4185 'et
616 4130 653 4185 ut
674 4117 830 4186 Ecclesia
852 4120 955 4186 sciret
979 4116 1070 4186 illam
1092 4139 1168 4205 pro·
1221 4120 1375 4186 clamauit
1396 4120 1444 4185 od
1464 4118 1649 4200 Dominrua,
1671 4129 1703 4187 et
1724 4123 1796 4207 ipre
1816 4123 1940 4207 eripuerit
1960 4141 2039 4188 cum
2082 4118 2125 4186 Et
2148 4121 2205 4186 be·

180 4205 375 4273 missionem
399 4225 477 4274 esse
498 4225 616 4272 vocem
639 4203 716 4287 Dei,
737 4206 813 4273 ideo
834 4207 948 4273 addita
968 4216 1049 4272 sunt
1070 4206 1169 4272 mira
1219 4207 1339 4272 neficia
1361 4204 1551 4293 corporalia
1579 4218 1658 4272 sunt
1686 4220 1814 4273 certum
1836 4210 2080 4288 testimonium,
2112 4208 2205 4295 quod

181 4288 271 4373 cula,
292 4304 325 4358 et
347 4305 485 4359 nostrae
512 4305 641 4360 mentes
668 4293 720 4359 sic
742 4293 865 4360 debent
887 4295 1037 4381 cogitare
1068 4292 1102 4357 ln
1120 4292 1168 4358 iu·
1218 4292 1318 4361 Deus
1341 4291 1420 4358 velit
1442 4313 1507 4357 nos
1530 4295 1690 4361 exaudire
1711 4306 1849 4382 propter
1870 4293 1984 4363 filium.

180 4380 359 4445 vocatione
391 4379 434 4446 de
465 4378 559 4462 Deo,
591 4379 682 4467 quud
703 4379 756 4446 sic
776 4377 921 4448 voluerit
946 4398 987 4445 se
1017 4377 1169 4465 patelieri
1307 4378 1489 4446 Prmnr'ssic
1520 4382 1706 4466 spiritualis
1736 4400 1871 4471 semper
1902 4394 1955 4450 est
1979 4392 2054 4449 rata
2085 4392 2121 4448 et
2145 4382 2205 4448 irn-

179 4466 285 4533 misso
307 4463 403 4547 lulio,
424 4464 589 4533 crucifixo
611 4480 644 4533 et
666 4466 869 4533 resuscitato
891 4486 953 4553 pro
975 4466 1086 4532 nubis.
1129 4464 1167 4531 ln
1219 4479 1322 4546 mota,
1344 4468 1441 4532 etiam
1582 4470 1657 4549 old,
1680 4467 1741 4535 sed
1762 4470 1819 4549 itu,
1841 4486 1877 4536 ιιι
1894 4466 2049 4535 Ecclesia
2065 4469 2110 4535 sit
2124 4469 2203 4535 sub-

182 4555 453 4621 consideratione
473 4554 559 4619 enirn
582 4553 757 4619 doctrinae
778 4549 1013 4621 demirauulis
1034 4571 1168 4639 semper
1217 4556 1308 4621 lecta
1329 4555 1437 4633 cruci,
1457 4566 1493 4619 ut
1543 4556 1634 4621 saias
1655 4555 1774 4642 inqua:
1803 4555 1902 4622 Dudc
1921 4555 2015 4622 eodm
2036 4557 2204 4623 doctorem

180 4642 425 4729 coniungamus
464 4640 650 4707 doctrinam
684 4642 727 4708 de
762 4638 1004 4728 pateiactione,
1038 4636 1169 4706 scilicet
1216 4660 1333 4727 punem
1354 4660 1424 4706 cum
1446 4639 1665 4723 ιιιὸιιιαιίιιιι,
1681 4652 1713 4709 et
1735 4662 1849 4729 aarum
1869 4650 2004 4711 moran.
2049 4642 2104 4709 De
2123 4660 2203 4729 pro·

29 4750 41 4773 .-
179 4726 238 4792 ubi
260 4737 294 4792 et
315 4748 383 4812 quo
415 4737 566 4812 tempure
592 4747 632 4792 se
659 4727 855 4813 patefecerit
883 4726 990 4794 Deus.
1039 4725 1167 4814 Diony·
1216 4729 1377 4795 missione
1398 4726 1559 4813 spirituali
1582 4730 1661 4796 dicit
1680 4732 1756 4798 lob:
1778 4731 1917 4796 uiaret
1929 4750 1979 4796 me
1994 4730 2131 4809 occidet,
2154 4735 2202 4795 to·

47 5124 50 5129 .
179 5091 321 5157 parvum
342 5072 510 5160 quiddam,
531 5085 698 5143 ettamen
720 5095 863 5164 magnus
882 5071 1166 5142 habetutilitates·

180 4811 480 4901 siusAreopagita,
503 4815 556 4880 tir
576 4814 665 4898 pius,
687 4815 767 4880 citat
789 4816 912 4881 dictum
928 4835 972 4881 eu
988 4809 1166 4880 Bartholo-
1216 4835 1286 4882 mea
1306 4815 1451 4902 sporcio
1471 4816 1507 4880 ia
1527 4817 1720 4969 eumood
1741 4813 1813 4884 vult
1832 4816 1984 4883 indicare
2004 4817 2200 4903 promissio-

180 4917 278 4964 maeo
300 4898 481 4986 Apostolu,
503 4901 559 4988 qui
582 4901 679 4972 dixit:
702 4901 911 4988 Eounpelium
931 4911 981 4970 eat
995 4903 1123 4987 lonprrnr
1135 4908 1167 4966 et
1216 4924 1293 4970 nem
1315 4904 1480 4969 bonorum
1501 4904 1581 4990 spiri
1653 4905 1719 4968 ium
1740 4904 2048 4984 esseratinendam,
2069 4903 2201 4970 etiamsi

180 4983 288 5065 breue,
322 4986 413 5073 quod
444 4986 653 5054 verissimum
683 5001 754 5068 est,
786 4988 875 5054 sicut
902 5000 936 5053 et
962 4984 1085 5056 oculus
1113 5000 1168 5054 est
1216 4993 1290 5143 ipsa
1312 4987 1500 5096 corporalis
1521 5011 1585 5056 uos
1608 4991 1822 5138 destituerunt
1836 5002 1870 5056 et
1892 5000 2011 5077 postea
2031 4992 2200 5143 seguiter-t
2227 5070 2233 5078 ι

267 5157 420 5230 &ccmo
441 5183 561 5232 ιιιιιιια
581 5172 648 5243 eat,
669 5163 760 5251 quod
781 5161 851 5228 siut
871 5161 1063 5229 testimonla
1088 5182 1166 5250 pro·
1216 5084 1785 5252 fflmffiwm
1807 5098 1884 5233 123
1902 5095 2074 5267 m
2087 5097 2201 5233 curm:
