4620 5588
754 19 885 93 Γ.

149 165 216 235 aaa
365 199 370 213 ι
738 242 741 247 ,
837 146 1057 229 cosmum
1085 157 1553 251 ammanuensium
2099 122 2220 235 ,ιιι
2276 162 2279 167 ·

148 378 212 420 non
229 359 289 418 ert't
308 354 462 436 populum
481 356 542 417 trit
560 355 869 434 perpetaccortt'tut,
886 350 981 416 Noclt
1001 351 1059 437 dut
1075 350 1137 413 dos
1187 350 1413 436 pulcherrimo
1435 353 1469 418 in
1491 349 1582 432 loco,
1604 351 1835 422 habet'adhuc
1858 351 1998 439 pulchra
2006 355 2175 436 aedificia,

148 442 239 505 colel
260 442 348 503 aicltt
370 442 490 502 konnen
511 438 616 501 rudem
1046 438 1049 442 ’
1187 450 1296 506 tamen
1318 437 1400 504 nihil
1422 451 1486 519 est,
1507 442 1537 504 si
1559 440 1601 504 ad
1624 453 1772 506 veterem
1793 437 2072 526 pulchritudinem
2094 454 2176 509 oon·

236 527 313 615 Ego
344 549 419 593 non·
451 528 551 592 miror
583 524 717 591 furores
762 524 886 592 nostris
920 525 1135 609 temporibus
1187 525 1324 591 feratur.
1368 525 1468 593 'l'urci
1490 525 1572 592 nihil
1595 542 1727 605 ornant,
1750 527 1877 589 troaden
1898 550 1957 590 nar
1974 536 2079 595 scitote,
2110 529 2175 598 llio

150 615 221 682 Sed
242 616 448 680 debebamus
477 614 607 678 discere
636 615 669 676 in
699 610 833 678 illorum
854 607 1026 696 exemplo,
1043 630 1136 696 ,quae
1187 624 1241 679 est
1270 610 1367 678 dolor
1399 613 1575 694 humanus,
1595 633 1708 700 ¹quem
1742 615 1838 679 etiam
1883 616 1992 681 tribuo
2026 608 2172 683 Christo.

126 703 194 767 ‘sit
216 699 387 767 Ecclesia:
410 700 487 764 Non
508 718 702 764 moveamus
725 699 922 777 seditiones,
947 718 1018 762 non
1037 716 1136 783 quae
1187 697 1258 764 Sed
1289 698 1377 764 alius
1411 712 1465 766 est
1498 699 1596 765 dolor
1618 699 1754 777 Christi,
1791 721 1857 786 quo
1891 701 1981 784 ipse*
1995 704 2175 789 praecipue

148 808 261 856 ramus
284 784 443 853 tumultus
465 781 641 865 bellorum,
669 805 738 850 non
761 785 947 872 cogitemus
975 783 1134 862 sutururu,
1188 797 1300 851 motus
1321 796 1385 851 est.
1873 794 1876 798 ’

47 872 51 879 ’
148 887 185 940 ut
218 894 283 940 nos
317 871 504 938 Ecclesiam
550 873 790 937 constituamus
835 881 953 937 nostro
986 871 1134 936 arbitrio.

149 961 208 1028 Sic
231 961 332 1047 igitur
363 956 469 1026 voluit
497 957 591 1024 Deus
622 960 720 1024 etiam
737 958 894 1023 ludaicas
926 956 1021 1046 leges
1056 976 1135 1022 esse

150 1045 307 1126 abolitas,
334 1057 368 1111 et
390 1043 465 1111 illos
489 1044 611 1124 cultus,
644 1064 687 1110 ue
721 1055 914 1130 putarentur
944 1063 1024 1108 esse
1044 1043 1136 1109 iusti·

149 1135 196 1200 tia
219 1154 331 1201 corum
361 1131 447 1198 Deo.
502 1132 583 1199 Veri
606 1129 717 1199 cultus
748 1144 826 1197 sunt
848 1132 973 1218 agnitio
996 1142 1029 1196 et
1051 1128 1135 1195 tides
1189 1119 1352 1223 Quaero
1383 1120 1424 1201 in
1454 1121 1640 1231 passione
1663 1117 1825 1224 Christi,
1856 1122 1926 1231 qui
1956 1121 2033 1204 fuit
2063 1151 2176 1207 sum.

150 1220 371 1307 acquiescens
394 1220 426 1284 in
439 1218 634 1285 hlediatore.
657 1216 752 1284 Haec
774 1231 827 1283 est
850 1218 1002 1282 doctrina
1023 1215 1136 1302 magni
1544 1229 1548 1235 ·

150 1308 319 1373 momenti.
374 1304 504 1371 Discite
536 1318 646 1372 autem
679 1303 878 1371 solutionem
914 1303 1135 1371 communium
1369 1375 1370 1378 Ἴ
1547 1304 1639 1358 mus
1669 1274 1812 1358 (10]οΓῬ
1894 1346 1897 1371 2

73 1416 77 1429 ·
150 1406 437 1482 argumentorum:

243 1530 394 1592 Vatrenus
415 1530 480 1591 Det
500 1537 547 1591 cst
567 1472 797 1591 trrtnnttatn‘tts:¹
1276 1510 1485 1595 Respondeo.
1530 1508 1660 1576 Sensus
1682 1512 1753 1577 irae
1774 1508 1839 1575 Dei
1862 1511 2026 1577 adversus
2053 1532 2174 1598 pecca·
2208 1488 2213 1497 ¹

238 1617 300 1679 lua
323 1623 393 1678 erat
425 1616 568 1680 aalma
589 1616 664 1694 Dat,
698 1623 734 1678 ot
750 1618 798 1676 tta
833 1612 998 1684 coleram,
1031 1619 1068 1676 at
1084 1611 1138 1673 ιη
1188 1608 1268 1663 ιιιιιι.
1312 1596 1403 1662 ldern
1425 1594 1522 1662 dolor
1543 1608 1655 1662 movet
1678 1599 1707 1662 ei
1729 1615 1819 1662 nunc
1842 1598 1938 1662 etiarn
1968 1596 2173 1686 lachrymas.

324 1709 405 1764 esset
426 1703 519 1765 talis:
1189 1684 1365 1750 Secundus
1387 1686 1429 1748 ab
1452 1680 1520 1746 hoc
1542 1681 1639 1748 dolor
1662 1696 1726 1762 est,
1755 1685 1845 1770 qnod
1869 1682 1959 1750 dolet
1981 1705 2075 1751 suam
2096 1704 2175 1773 pas·

237 1789 327 1871 Enyo
349 1797 419 1850 erat
439 1787 654 1851 immanem„
677 1808 741 1849 mm
762 1786 870 1852 &aaa
888 1784 1000 1851 deleat,
1188 1772 1317 1838 sionem
1340 1790 1408 1835 non
1426 1771 1590 1921 prodesse
1611 1766 1774 1855 plurimist
1798 1767 1888 1836 dolet
1905 1772 2078 1836 maximam
2100 1792 2174 1858 par·

1187 1871 1255 1923 tem
1278 1857 1411 1945 generis
1458 1858 1568 1922 umani
1590 1859 1710 1941 perire.
1733 1852 2174 1944 intueturtlterosolymam,

237 1942 450 2028 Respondeo.
502 1943 656 2019 Voluntas¹
676 1942 740 2004 Det·
761 1948 808 2007 at
835 1940 1048 2018 immeabilis,
1071 1941 1136 2005 sic·
1189 1943 1290 2025 dolet,
1313 1944 1402 2030 quod
1427 1945 1568 2009 maxima
1613 1965 1670 2009 ars
1690 1944 1824 2030 generis
1846 1942 1981 2009 humani
2004 1958 2119 2028 pereat
2140 1944 2176 2009 in

150 2041 186 2096 ut
206 2031 280 2115 ipsa
302 2032 462 2095 decrevit·
484 2029 611 2097 Minor:
633 2030 723 2091 Haeo
745 2037 792 2093 est
812 2029 955 2091 octonas
973 2027 1050 2106 Dal,
1071 2037 1135 2093 etc.
1188 2033 1276 2099 omni
1310 2031 1514 2096 aeternitate.
1595 2032 1742 2118 agitate:
1776 2031 1813 2096 Si
1845 2032 1964 2096 intueri
1995 2050 2175 2116 possemus

153 2115 278 2182 Verum
299 2130 369 2198 est;
392 2118 453 2181 sed
475 2117 521 2181 ita
543 2117 691 2193 decreta,
714 2129 752 2184 ut
772 2117 817 2181 ad
835 2127 966 2200 tempus
983 2126 1137 2181 servetur
1188 2119 1429 2197 aeternitatem,
1453 2128 1608 2223 quantum
1632 2114 1834 2198 doleremus,
1857 2117 1949 2204 quod
1964 2138 2051 2182 unus
2073 2116 2175 2183 homo

152 2199 209 2268 lla
230 2214 369 2268 externa
391 2204 599 2270 consuetudo
632 2205 752 2269 rituum
774 2201 956 2268 sorensium
990 2212 1024 2266 et
1045 2219 1137 2265 cere·
1187 2207 1321 2292 periret.
1367 2203 1437 2269 Sed
1458 2214 1504 2268 tta
1525 2199 1588 2268 feri
1617 2224 1750 2284 sumus,
1772 2217 1873 2269 utne
1895 2204 2027 2292 quidem
2050 2205 2174 2293 cogite-

149 2286 352 2356 monialium.
395 2286 496 2354 Aliud
519 2301 573 2355 est
593 2286 824 2366 lexhloralis,
846 2308 933 2372 quae
955 2300 1009 2352 est
1030 2299 1136 2352 aeter·
1187 2312 1262 2358 mus
1285 2293 1327 2356 de
1350 2290 1564 2375 nobisipsis.

149 2396 196 2441 na
232 2375 390 2443 voluntas
433 2378 465 2439 in
487 2374 576 2454 Deo,
606 2396 693 2462 quae
727 2388 780 2440 est
809 2372 1021 2441 immutabilis
1049 2374 1137 2439 sicut
1273 2377 1316 2442 lli
1344 2379 1354 2441 i
1391 2387 1445 2441 tur
1462 2373 1598 2441 dolores
1625 2388 1704 2442 sunt
1732 2379 1876 2442 omnium
1909 2377 2050 2442 maximi.
2095 2375 2174 2443 Sen-

149 2459 245 2528 Deus
258 2477 311 2527 est
329 2460 553 2528 immutabilis.
588 2461 695 2527 Etiam
704 2461 791 2528 haec
813 2472 867 2526 est
889 2460 1047 2526 voluntas
1057 2457 1135 2536 Dei,
1171 2465 1328 2530 thirem
1385 2465 1415 2528 ei
1444 2463 1608 2528 adversus
1631 2482 1738 2550 genus
1770 2463 1962 2543 humanum,
1995 2476 2028 2529 et
2062 2478 2175 2550 quarn

149 2561 188 2615 ut
199 2547 393 2615 Alexander
415 2560 549 2635 regnet:
572 2569 638 2615 nec
660 2559 839 2633 propterea
861 2547 1024 2634 sequitur,
1046 2545 1137 2633 quod
1188 2570 1287 2637 quam
1310 2561 1468 2636 precatur
1498 2550 1532 2613 in
1565 2547 1624 2615 illo
1658 2570 1773 2629 sensu,
1808 2560 1841 2614 ct
1872 2549 2028 2634 impetrat
2056 2550 2173 2641 genepl

150 2634 379 2701 Alexandrum
402 2648 556 2720 oporteat
577 2653 709 2721 semper
733 2635 845 2700 vivere
866 2645 900 2699 et
921 2653 1076 2718 regnare.
1187 2637 1333 2703 humano
1355 2633 1497 2703 salutem
1532 2633 1912 2716 et‘reconciliatiunem,
1946 2647 2056 2702 tamen
2085 2635 2176 2713 dolet

238 2722 387 2788 Potestis
420 2722 519 2787 etiarn
550 2723 694 2789 caeteris
726 2723 858 2787 caussis
892 2717 1021 2786 deletae
1052 2717 1137 2803 poli·
1188 2722 1312 2790 mnltos
1334 2744 1401 2788 non
1419 2723 1573 2809 accipere
1601 2721 1688 2790 hanc
1712 2720 1869 2790 salutem.'
1887 2746 1891 2751 ·
1909 2720 2042 2787 Deinde
2068 2725 2174 2790 intuo·-

151 2812 217 2875 tiae
239 2810 364 2874 addere
392 2809 500 2875 hanc:
528 2809 618 2903 quod
639 2808 734 2873 Deus
764 2805 905 2873 voluerit
932 2802 1027 2872 illam
1044 2803 1137 2871 dele·
1187 2824 1242 2878 tur
1263 2810 1318 2875 hic
1344 2821 1471 2877 tantam
1497 2808 1738 2877 multitudinem
1757 2829 1840 2877 snae
1862 2809 1972 2896 gentis
1995 2811 2117 2895 perire,
2141 2820 2174 2875 et

150 2898 286 2974 tionem,
310 2896 532 2961 testimonium
559 2914 647 2974 esse,
669 2895 758 2979 quod
780 2895 955 2960 advenerit
974 2892 1136 2959 Messias:
1188 2917 1286 2965 ruere
1317 2898 1351 2962 in
1395 2906 1564 2964 aeternam
1592 2908 1755 2977 mortem,
1800 2917 1868 2961 non
1900 2896 2064 2979 prodesse
2104 2892 2174 2962 illi·

151 2984 229 3069 quia
255 2978 317 3047 iuit
347 2982 570 3068 praedictum,
602 2982 691 3067 quod
725 2980 837 3047 adhuc
869 2992 981 3047 stante
1010 2978 1137 3064 politia,
1189 3007 1282 3051 snam
1305 2986 1505 3070 passionem.
1549 2983 1627 3048 Non
1650 2985 1755 3075 pinus
1783 2984 1829 3057 ita
1848 2980 1967 3061 ferrei,
1984 2982 2174 3071 habentia·

150 3070 344 3136 nasciturus
366 3081 457 3134 esset
478 3063 750 3146 io.Bethlehem,
777 3079 811 3132 et
833 3068 924 3153 qnod
956 3061 1137 3151 intemplo
1188 3072 1253 3152 les,
1283 3075 1329 3137 ita
1350 3072 1505 3151 indurati,
1538 3078 1575 3135 nt
1606 3072 1678 3136 non'
1707 3068 1906 3157 edgitirmtr'il·
1944 3069 2017 3134 lata
2049 3069 2174 3156 cogita·

109 3180 116 3191 ’
151 3154 455 3240 Hierosolymam
488 3157 749 3221 concionatores
782 3164 886 3230 esset,
921 3165 954 3218 ct
987 3153 1137 3219 editurus
1188 3161 1279 3226 nona
1302 3159 1432 3224 debetis
1465 3158 1651 3226 accendere
1685 3154 1836 3222 affectus.
1881 3156 1967 3222 idcc'
1994 3157 2174 3224 instituitur

151 3239 321 3308 miracula.
366 3239 499 3308 Diutius
519 3253 630 3308 autem
652 3241 718 3306 iarn
740 3240 842 3307 iacuit
862 3237 1072 3317 Bethlehem,
1104 3249 1138 3305 et
1190 3244 1479 3322 commonefactio,
1501 3255 1537 3321 ut
1559 3244 1701 3317 accedat
1719 3243 1889 3329 cogitatio,
1913 3246 1948 3308 et
1970 3244 2173 3330 cogitatione
2192 3268 2199 3281 ·

151 3327 398 3414 Hierosolyma,
420 3348 520 3415 quam
540 3328 630 3394 stetit
653 3340 762 3393 antea.
1015 3346 1018 3352 ’
1188 3333 1409 3398 incendantur
1433 3331 1593 3398 affectus.
1650 3329 1893 3416 Cogitationem
1937 3330 2037 3395 debet
2076 3331 2172 3417 sequi

558 3415 562 3423 ’
679 3447 683 3457 ·
1130 3494 1134 3511 ¹
1189 3421 1378 3484 conversio.
1423 3418 1511 3483 lstae
1540 3414 1727 3503 profundae
1749 3418 1782 3482 e't
1803 3417 1962 3482 tridentes
1979 3412 2174 3504 lachrymae

1188 3505 1312 3572 Christi
1333 3526 1401 3570 non
1423 3514 1501 3571 stunt
1551 3504 1800 3570 raetereundae.
1846 3501 1897 3566 Ex
1930 3503 2050 3588 quibus
2073 3523 2173 3588 appa·

1188 3604 1240 3658 ret
1261 3593 1373 3670 etiam,
1395 3593 1483 3677 quod
1507 3591 1535 3657 C
1577 3592 1662 3656 istus
1685 3610 1752 3655 non
1774 3592 1818 3653 sit
1840 3589 1986 3655 Stoicus.
2028 3586 2171 3656 Contra:

365 3661 676 3772 Lachrymae
722 3655 924 3745 Christi.

1238 3776 1243 3789 .
1277 3724 1390 3792 Damio
1410 3731 1503 3811 πάθη
1516 3738 1598 3794 -rttnt
1618 3733 1752 3793 vittam:
1776 3796 1784 3805 ,
1829 3735 1834 3744 ’
2104 3788 2107 3795 .

467 3887 470 3890 ,
981 3890 984 3895 ,
1273 3819 1313 3880 Irt
1336 3817 1464 3881 Christo
1485 3826 1557 3880 rrmt
1578 3817 1678 3896 πάθη,
1696 3815 1838 3891 laetitia,
1856 3814 1960 3886 dolor,
1983 3816 2046 3891 iro,
2068 3835 2172 3877 oraora

239 3897 307 3961 lam
328 3897 438 3962 videte
461 3894 559 3961 etiam
581 3887 685 3970 πάθος
707 3893 763 3959 filii
787 3894 861 3960 Dei.
895 3892 1021 3960 Texms
1045 3892 1137 3960 clare
1266 3902 1353 3985 Erpa
1372 3914 1442 3967 ,aar
1464 3908 1591 3966 vitiosa,

153 3984 249 4048 dicit:
274 3983 418 4045 Christos
439 3983 649 4055 taetrtmaata
679 3983 934 4045 intemeratam.
979 3979 1137 4047 afficitur

98 4146 102 4155 Ι
150 4070 278 4156 ingenti
300 4069 429 4149 dolore,
451 4082 487 4135 ut
509 4066 627 4135 fundat
649 4066 850 4155 lachrymas
885 4068 960 4133 Non
984 4079 1035 4132 est
1052 4066 1137 4133 haec
1275 4059 1478 4145 Respondeo
1500 4061 1543 4124 ad
1561 4057 1741 4123 Maiorem:
1764 4057 1814 4121 Ne
1836 4058 1870 4120 in
1892 4053 2081 4159 hominibus
2105 4055 2174 4140 qui·

151 4158 331 4242 praecipua
367 4177 490 4221 caussa
512 4156 652 4234 doloris,
685 4156 775 4241 quod
799 4155 925 4240 cogitat
960 4155 1001 4218 de
1019 4155 1136 4236 patria,
1189 4150 1264 4212 dem
1303 4161 1379 4212 sunt
1426 4146 1621 4229 simpliciter
1653 4146 1785 4221 vitiosa,
1819 4142 1880 4246 sed
1913 4163 1974 4226 per
2003 4143 2170 4206 accidens.

153 4255 185 4307 et
203 4255 255 4308 est
276 4243 468 4327 φιλόπατρις,
492 4262 608 4307 amans
631 4244 773 4326 patriae:
796 4242 863 4319 vel,
886 4242 972 4305 sicut
991 4260 1055 4304 nos
1078 4242 1136 4306 do·
1187 4234 1349 4299 Transeat
1365 4247 1481 4325 ¹tamen
1506 4228 1622 4294 Maior.
1671 4230 1783 4290 Ontnt'o
1815 4237 1905 4308 παθη
1938 4233 1971 4290 t’n
1999 4228 2174 4292 amantibus

150 4325 269 4407 lemae,
296 4351 370 4394 cum
394 4331 582 4415 cogitamus
616 4330 658 4393 de
679 4327 832 4393 Athenis.
876 4326 925 4391 lbi
958 4327 1023 4390 iam
1058 4340 1136 4392 sunt
1187 4329 1258 4382 srtrtt
1280 4319 1484 4397 ordinemsed
1507 4338 1568 4402 per
1589 4318 1763 4390 accitlcns;
1798 4337 1865 4381 non
1893 4329 2004 4381 autem
2025 4316 2059 4379 in
2078 4313 2173 4378 Chri·

95 4416 99 4421 ’
151 4417 283 4494 rudera,
307 4419 361 4481 ubi
384 4412 445 4480 init
469 4426 596 4480 tantum
619 4415 825 4492 eruditioniS,
855 4424 983 4479 tantum
1005 4414 1136 4496 sapien·
1187 4419 1251 4470 sto.
1306 4403 1546 4470 Benevolcntia
1575 4425 1657 4490 erga
1687 4415 1778 4469 tuum
1810 4414 1957 4488 patrem,
1991 4415 2086 4467 estne
2109 4421 2172 4466 suo
2226 4444 2230 4454 -

150 4502 215 4566 tiae
243 4517 308 4567 tam
338 4500 429 4567 multi
463 4513 674 4587 praestantes
712 4499 873 4565 homines.
919 4498 1060 4570 Quando
1089 4501 1136 4563 in-
1161 4518 1165 4571 ι
1187 4512 1311 4578 genere
1338 4493 1484 4556 vittas-at
1527 4490 1604 4555 Non
1635 4504 1697 4555 est.
1743 4489 1800 4556 Sic
1831 4491 2008 4565 moestitia,
2037 4488 2172 4572 quaudo

150 4600 280 4654 tuemur
302 4588 453 4668 Romam,
488 4610 555 4652 non
579 4607 757 4672 possumus
785 4608 851 4650 non
887 4583 1013 4664 dolere,
1048 4586 1134 4670 qrrod
1161 4576 1165 4659 l
1188 4577 1308 4664 uliquis
1332 4577 1424 4643 dolet
1440 4581 1474 4643 in
1496 4589 1614 4657 morte,
1638 4591 1695 4643 aut
1718 4575 1907 4643 calamitate
1923 4573 1995 4651 „filii
2016 4574 2081 4646 sui,
2104 4594 2172 4639 non

150 4677 249 4740 etiam
271 4677 334 4740 iam
358 4687 441 4758 pene
467 4674 546 4739 nihil
569 4678 625 4752 sit,
659 4672 781 4738 collata
803 4675 846 4737 ad
874 4672 966 4737 illam
989 4682 1136 4736 ueterem
1160 4674 1166 4791 j
1187 4678 1241 4730 est
1263 4686 1387 4750 genere
1417 4667 1545 4730 vitiosa.
1602 4663 1697 4729 Deus
1733 4685 1798 4729 nou
1835 4675 1887 4728 est
1917 4664 2064 4726 Stoicus.
2110 4659 2172 4729 Est

149 4760 298 4827 Romam.
355 4762 512 4828 Retinent
550 4763 659 4826 adhoc
705 4757 793 4823 illam
826 4763 976 4825 umbram
1010 4759 1136 4842 imperii
1161 4796 1165 4872 Ι
1187 4750 1348 4832 mirabile,
1384 4753 1551 4838 quomodo
1584 4752 1723 4817 allectus
1758 4751 1855 4815 cadat
1887 4750 1920 4812 in
1955 4747 2074 4816 Druna
2122 4746 2172 4811 sit

149 4850 341 4932 pontificae,
366 4846 572 4915 delectantur
593 4845 649 4911 illa
667 4847 793 4932 speeie,
816 4843 1136 4930 luduntappellatio·
1161 4880 1164 4913 2
1187 4837 1352 4905 mirabile:
1375 4852 1408 4904 ct
1430 4853 1537 4904 tamen
1556 4860 1672 4903 verum
1692 4851 1752 4917 cst,
1776 4856 1854 4899 esse
1875 4835 1997 4899 iuDeo
2019 4832 2170 4899 allectus.

148 4937 257 5007 ninus,
291 4948 402 5001 tannen
432 4959 498 5002 non
533 4946 584 5001 est
617 4956 698 5013 vera
721 4931 837 4998 Roma.
882 4933 974 5012 Item,
1004 4934 1034 4996 si
1062 4926 1372 5027 quis21=101110est
1402 4929 1511 5012 imago
1534 4923 1612 4989 Dei:
1640 4923 1731 5008 Ergo
1754 4926 1786 4986 in
1809 4921 1886 4987 Deo
1916 4933 1994 4985 sunt
2022 4917 2071 4983 illi
2093 4918 2172 4985 alie·

147 5020 564 5108 nnncConstantinopolin
580 5024 734 5098 intuetur,
756 5039 955 5105 quamquam
976 5032 1054 5084 sunt
1082 5019 1138 5083 ad·
1161 5056 1165 5117 ἰ
1189 5025 1272 5078 ctus.
1318 5012 1354 5078 ln
1373 5015 1495 5077 'Adam
1524 5011 1583 5077 snit
1615 5030 1709 5076 amer
1742 5031 1824 5095 erga
1851 5009 1968 5085 Evam,
2002 5016 2036 5070 et
2056 5005 2171 5104 'louge

149 5108 215 5175 hue
252 5111 295 5173 ibi
332 5110 495 5189 aedificia,
529 5121 640 5174 tamen
673 5119 726 5171 est
758 5103 953 5172 deformata.
998 5104 1060 5172 rat
1090 5105 1136 5170 sit
1161 5097 1273 5190 gelius
1296 5121 1401 5179 amor,
1444 5121 1541 5185 quarn
1570 5119 1653 5185 erga
1681 5101 1823 5164 arbores
1846 5108 1902 5160 aut
1930 5091 2097 5171 animalia,
2126 5113 2177 5217 qu⁸

305 5246 492 5290 unamruort.
507 5248 588 5288 cruit.
603 5245 666 5287 voa.
681 5247 741 5286 xxv
2018 5217 2049 5267 ¹⁹
