4620 5588
166 185 209 251 47
329 120 333 125 ·
357 176 362 186 '
801 179 914 248 Plllla.
935 178 1040 248 Mel,
1062 177 1250 249 SCRIPTA
1271 176 1534 246 EXEGETlCA.
2136 178 2199 284 te

167 384 236 438 tota
258 371 490 443 absconditur,
523 381 559 436 ut
580 370 732 437 videatur
753 371 849 457 quasi
871 391 914 436 ex
936 369 1033 437 coelo
1076 390 1149 436 ror·
1173 365 1178 404 ¹
1199 385 1276 433 esse
1298 368 1528 453 perverbum,
1550 365 1690 448 scilicet,
1711 369 1869 449 auditum,
1898 371 2091 457 cogitatum,
2111 391 2181 438 non
2208 389 2212 395 ·

168 478 227 524 sus
249 455 382 523 sublata
415 477 509 521 esse:
543 457 594 521 sic
614 453 769 523 Ecclesia
796 477 864 523 non
892 476 1026 542 semper
1046 393 1149 522 Eabet
1200 464 1357 542 spretum,
1379 473 1446 520 non
1469 466 1702 541 contemptum.

168 540 251 610 ioris
264 555 387 609 statum
397 541 551 621 similem,
575 554 608 608 ει
630 556 739 608 tamen
750 562 826 609 cum
844 543 1004 609 videturo
1051 562 1149 610 ressa
1286 538 1425 613 Quoties
1453 551 1565 609 autem
1595 541 1785 608 nominatur
1822 541 2056 627 ministerium,
2100 555 2181 609 nota
2255 609 2257 613 ,

169 642 203 697 ει
224 630 385 707 extincta,
403 642 470 694 tum
493 641 546 694 est
567 628 718 712 proxima
740 627 824 709 Soli,
853 629 973 707 idest,
1065 629 1148 694 ‘atos
1199 644 1277 691 esse
1304 626 1404 692 debet
1435 645 1562 692 summa
1595 627 1768 693 doctrinae
1792 625 1970 707 coelestis,
2003 628 2181 696 discrimen

168 713 316 795 fovetur,
337 711 541 795 defenditur,
558 728 777 782 conservatur
799 735 820 780 a
840 711 925 780 lilio
942 711 1018 794 Dei,
1040 715 1149 781 donec
1197 709 1284 798 legis
1307 722 1340 776 et
1360 707 1553 798 Evangelii3
1585 713 1670 792 item,
1684 713 1863 780 discrimen
1888 715 1975 781 inter
1996 715 2181 782 doctrinam

167 821 288 870 rursus
309 813 469 888 emergat.
1198 794 1374 865 Ecclesiae
1396 799 1574 883 propriam,
1598 811 1633 864 et
1653 797 1848 888 religionem
1872 796 2010 867 aliarum
2033 802 2182 889 gentium

254 887 339 954 Cum
367 884 522 954 Christus
553 886 705 972 pendens
737 888 771 952 in
809 905 908 952 cruce
929 888 1083 966 moritur,
1117 896 1151 952 et
1199 895 1233 949 et
1254 895 1431 950 sectarum.

168 985 288 1062 postea
309 975 343 1039 in
365 970 546 1060 sepulchro
567 974 664 1050 iacet,
688 973 911 1039 consternatis
932 982 966 1037 et
987 972 1149 1058 dispersis
1284 970 1428 1035 Additur
1456 980 1564 1044 autem
1596 972 1632 1036 in
1664 969 1854 1039 delinitione
1878 969 2066 1051 Ecclesiae,
2098 974 2186 1058 quod

168 1057 362 1148 Apostolis,
394 1069 466 1125 erat
486 1058 684 1125 abscondita
705 1055 873 1137 Ecclesia,
905 1069 939 1124 et
971 1061 1150 1144 putabatur
1199 1057 1324 1122 sancte
1362 1057 1503 1123 amru
1531 1057 1599 1123 rint
1630 1061 1724 1124 matti
1754 1078 1819 1124 non
1850 1079 1926 1128 cere
1957 1059 2076 1126 raum,
2132 1058 2183 1126 lta

169 1146 314 1213 extincta
332 1165 421 1212 esse.
466 1142 533 1212 Sed
554 1142 612 1211 illa
633 1147 707 1230 ipsa
728 1149 832 1225 mors,
853 1156 886 1210 et
907 1143 1002 1232 quies
1025 1142 1150 1210 Christi
1199 1140 1355 1208 Ecclesia
1381 1142 1581 1208 describitur
1612 1144 1646 1209 in
1678 1142 1848 1230 parabolis
1870 1141 1952 1211 illis:
1986 1143 2100 1212 Sinniu
2132 1151 2184 1211 ert

169 1230 278 1298 attulit
316 1228 456 1297 salutem
496 1241 529 1297 et
568 1228 794 1298 liberationem
827 1228 1021 1311 Ecclesiae,
1063 1251 1150 1318 quae
1199 1247 1334 1310 reputem
1366 1233 1527 1296 cottonem
1554 1249 1696 1312 capenae
1727 1233 1849 1297 ιιιιίιαε
1868 1233 1904 1297 in
1932 1250 2033 1299 mure.
2088 1229 2183 1310 item,

168 1319 299 1384 interim
321 1318 454 1383 vivebat
474 1319 508 1382 in
530 1317 617 1397 Deo,
640 1328 673 1383 et
694 1319 815 1403 prodiit
835 1336 964 1384 rursus.
1199 1315 1385 1381 Serninmtti
1402 1335 1512 1381 censen
1532 1318 1646 1383 domum
1666 1317 1702 1384 in
1722 1336 1837 1399 aarum
1864 1337 1972 1395 amem
1994 1323 2048 1384 cut
2076 1327 2185 1384 mmen

254 1402 350 1469 llanc
381 1404 544 1488 picturam
576 1401 751 1471 Ecclesiae
783 1405 906 1491 cogita,
939 1404 1068 1489 quoties
1100 1404 1148 1468 in-
1199 1401 1420 1467 ucbnircentur
1440 1407 1576 1470 mcum.
1620 1399 1713 1470 llaec
1730 1415 1782 1469 est
1802 1402 1984 1490 descriptio
2007 1400 2185 1472 Ecclesiae

170 1490 274 1556 tueris
306 1490 399 1555 vices
431 1488 547 1554 Lunae
575 1491 608 1555 in
642 1487 755 1565 coelo;
787 1491 875 1557 sicut
901 1500 973 1555 tota
995 1501 1149 1556 ereatura
1200 1485 1353 1566 visibilis,
1376 1483 1485 1573 qualis
1508 1499 1561 1553 est
1581 1487 1616 1552 in
1632 1485 1697 1554 ltac
1720 1489 1798 1555 vita.

170 1577 304 1642 condita
326 1585 395 1655 est,
422 1595 545 1662 magna
574 1586 608 1641 et
627 1574 769 1642 mirabili
801 1576 980 1662 sapientia,
1013 1585 1047 1641 et
1068 1594 1149 1660 prae
1287 1571 1465 1647 Quaeritur
1485 1585 1611 1639 autem:
1632 1574 1825 1643 StEcctertc
1840 1583 1894 1643 ert
1909 1577 2044 1642 melitite
2061 1584 2184 1655 coetus,

170 1681 210 1727 se
229 1660 305 1730 ieet..
314 1661 476 1748 imagines
497 1662 712 1728 maximarum
729 1682 850 1727 rerum.
1201 1663 1305 1742 quatis
1321 1667 1373 1724 est
1389 1665 1460 1725 mar
1477 1662 1692 1744 pameneae?
1722 1660 1934 1748 Respondeo.
1967 1661 2030 1728 llic
2050 1671 2186 1747 oportet

1202 1746 1394 1811 discernere
1432 1744 1557 1833 gradus
1597 1748 1893 1835 gubernationum
1931 1747 1954 1813 ii
1986 1759 2056 1814 tres
2089 1756 2184 1813 sunt:

1201 1831 1435 1911 oeconomica,
1467 1829 1613 1915 politica,
1646 1846 1680 1901 et
1712 1831 1953 1902 Ecclesiastica
1973 1835 2183 1922 gubernatio.

474 1992 514 2010 Η
694 1993 702 2010 ·
1201 1915 1295 1983 llaec
1316 1926 1394 1983 suut
1415 1919 1477 1983 trie
1499 1937 1624 2005 genera
1644 1939 1792 2000 summu,
1826 1920 1982 1986 distmcta
2001 1905 2037 1985 in
2060 1920 2184 2009 guber·

169 1992 312 2078 Recita
362 1993 639 2075 defimtuonem
691 2005 892 2105 mtegram
935 1992 1149 2078 Ecclesiae.
1201 2003 1337 2070 meone
1356 2002 1455 2071 huius
1476 2005 1576 2071 vine

166 2134 174 2150 ¹
255 2175 467 2262 Respondeo.
522 2176 667 2242 Extemb
697 2182 748 2241 ert
780 2185 888 2242 coebtr
907 2177 1052 2259 m‘ct'br'lr'a,
1084 2197 1150 2243 nm·

30 2245 36 2255 ’
164 2264 373 2348 plectentium
409 2262 616 2342 sermenem
659 2271 692 2327 et
727 2268 881 2328 utentem
919 2263 1150 2343 Sacrmnenttr,

169 2355 255 2415 aiem
272 2348 426 2414 dicim
445 2348 595 2413 amunta
615 2356 699 2430 ruat,
720 2348 756 2415 in
777 2367 838 2431 quo
857 2355 950 2415 coetu
966 2350 1069 2416 Filius
1084 2349 1152 2416 Dei
1202 2332 1280 2421 Oui
1310 2348 1449 2421 autem
1487 2337 1649 2423 similior
1679 2349 1742 2421 esi
1771 2337 2012 2449 gubernatio
2043 2335 2184 2420 Eccle-
2231 2437 2236 2445 ⁴

169 2445 220 2503 est
239 2437 362 2518 efficax
376 2452 442 2517 per
462 2439 691 2516 mauriennae,
713 2441 748 2501 et
775 2437 892 2501 medeor
912 2445 1098 2520 repererat,
1119 2444 1153 2503 et

129 2597 132 2607 Α
169 2530 246 2589 „mr
264 2523 300 2586 a,
321 2523 429 2587 wrm
445 2527 536 2585 eoem
555 2519 651 2588 „aare
669 2538 733 2586 mn
754 2522 874 2605 mee,
899 2524 963 2589 sert
981 2531 1089 2589 pm„
1109 2525 1152 2589 a,
1291 2490 1461 2597 siastica,
1494 2488 1769 2578 Oeconomiae
1799 2491 1868 2576 vel
1896 2491 2093 2579 Politiae‘l
2148 2532 2151 2538 ·

90 2680 92 2685 ’
169 2610 588 2757 merlrlabrl‘dulilrlilllt'lffrle
620 2692 718 2778 signa
739 2688 945 2776 principalia,
979 2713 1065 2779 quae
1086 2681 1179 2790 lle-l
1288 2687 1500 2776 Respondeo.
1554 2689 1618 2757 Est
1652 2671 1792 2759 'similior
1828 2692 2066 2772 oeconomiae,
2106 2691 2184 2777 quia

170 2775 307 2844 clesiam
339 2787 542 2856 monstrant,
572 2777 771 2843 recitantur:
804 2777 964 2844 Doctrina
985 2780 1155 2863 Eneapetit
1174 2811 1178 2820 -
1202 2773 1358 2842 Christus
1379 2775 1596 2842 ministerium
1623 2774 1772 2863 appellat
1805 2775 1939 2857 claves,
1969 2798 2045 2843 cum
2077 2777 2185 2862 iuquit

170 2871 369 2948 incorrupto,
391 2871 425 2930 et
444 2864 605 2944 aptemur
624 2883 704 2929 unes
724 2862 1020 2930 Sucrmnentmam.
1202 2863 1246 2928 ad
1263 2859 1414 2928 Petrum:
1435 2864 1505 2929 titt
1523 2866 1606 2930 dabo
1625 2867 1731 2930 clares
1751 2865 2034 2947 repeteremus
2070 2863 2185 2930 Cicera

256 2947 387 3015 Deinde
420 2948 554 3014 dicitur:
586 2952 627 3016 In
657 2952 717 3016 boc
749 2957 839 3018 cocta
870 2949 975 3017 Filius
1007 2951 1073 3017 Dei
1102 2957 1151 3017 ert
1201 2949 1230 3012 si
1255 2947 1392 3014 nificant
1418 2951 1657 3016 oeconomiam.
1712 2949 1798 3016 Nam
1831 2949 1967 3032 domus,
1996 2945 2184 3035 conclavia,

170 3039 289 3122 emme
315 3055 381 3120 per
412 3035 640 3101 ministerium.
694 3033 745 3100 Ea
776 3033 938 3121 particula
960 3036 1002 3102 de
1020 3037 1151 3102 duabus
1202 3054 1241 3100 ce
1268 3054 1308 3100 ae
1329 3037 1520 3120 aperiuntur
1542 3033 1707 3102 clavibus.
1750 3034 1894 3114 Contra,
1925 3036 2060 3104 Gladius
2081 3035 2184 3123 signi·

169 3123 273 3189 rebus
294 3140 358 3187 nos
380 3132 507 3193 monet3
539 3121 691 3206 primum,
722 3122 814 3207 quod
840 3123 1030 3209 ubieunque
1051 3134 1151 3190 sonat
1201 3118 1280 3186 ficet
1301 3121 1627 3202 administrationem,
1650 3134 1870 3208 quaerentes
1887 3117 2083 3207 capitalibus
2102 3141 2184 3208 sup-

170 3228 238 3275 vox
255 3203 441 3294 Evangelii,
470 3206 515 3271 ibi
547 3225 681 3290 semper
701 3219 780 3273 sunt
802 3206 903 3294 aliqui
927 3205 1041 3275 electi:
1063 3230 1151 3295 quae
1199 3204 1309 3359 pliciis
1341 3204 1455 3275 aflicit.
1514 3208 1686 3275 Parentes·
1708 3210 1743 3273 in
1777 3209 1983 3277 oeconomiis
2015 3208 2185 3300 castigant

171 3306 224 3361 est
244 3294 423 3359 admodum
444 3289 553 3359 duleis
574 3292 776 3374 consolatio,
808 3292 964 3362 videlicet
984 3296 1084 3376 scire,
1117 3296 1150 3361 in
1226 3295 1325 3360 beros
1347 3294 1454 3380 virga,
1475 3315 1543 3360 non
1564 3291 1688 3380 gladio.

171 3382 261 3448 omni
283 3389 382 3462 coetu
403 3389 599 3446 vocatorum
617 3399 697 3447 esse
717 3378 850 3468 aliquos
865 3377 942 3447 Deo
986 3379 1151 3461 iacentes,
1289 3377 1346 3445 Sic
1382 3390 1454 3445 tota
1492 3382 1690 3466 gubernatio
1719 3381 1753 3446 in
1786 3377 1942 3446 Ecclesia
1980 3391 2033 3446 est
2064 3375 2185 3445 similis

170 3478 388 3552 utnusquam
409 3461 535 3531 electos
557 3466 767 3552 quaerendos
788 3482 883 3548 esse,
915 3469 980 3534 nisi
1001 3468 1035 3532 in
1052 3480 1151 3535 coetu
1202 3467 1433 3532 oeconomiae:
1465 3467 1499 3532 id
1522 3476 1594 3545 est,
1627 3467 1859 3553 gubernationi
1880 3477 2039 3551 paternae
2060 3477 2094 3530 et
2115 3485 2184 3529 ma·
2243 3523 2244 3526 ,

170 3565 378 3620 vocatorum.
422 3551 542 3637 Aqua
563 3553 727 3618 sententie
748 3574 815 3620 non
837 3556 986 3621 sinamus
1007 3573 1072 3620 nos
1093 3556 1150 3620 ab·
1200 3562 1326 3617 ternae.
1380 3549 1471 3617 Psal
1493 3552 1547 3620 68.
1579 3554 1653 3639 ipsa
1674 3549 1828 3620 Ecclesia
1856 3553 2043 3618 nominatur
2062 3559 2182 3617 meter·

172 3639 247 3706 duci
268 3636 409 3704 aliorum
431 3637 484 3702 ine
508 3639 550 3702 tis
572 3637 867 3723 speculationibus.
1172 3688 1177 3716 ,
1197 3639 1363 3722 familior:
1391 3658 1467 3704 curn
1490 3639 1625 3704 dicitur:
1657 3642 1765 3705 Deras
1784 3642 1899 3706 domur
1927 3641 2047 3705 mordet
2066 3642 2182 3720 spotia.

256 3723 388 3791 Deinde
429 3741 471 3789 ea
494 3744 564 3789 em.
590 3721 743 3791 clausula
784 3735 898 3792 monet
935 3726 1150 3792 ministerium
1203 3723 1426 3790 Oeconomiae
1458 3723 1573 3791 similis
1606 3735 1659 3791 est
1691 3726 1789 3791 etiam
1810 3721 1941 3791 ecbola.
1995 3723 2069 3789 Nec
2095 3720 2183 3789 mele

169 3807 344 3897 Evangelii
382 3809 433 3874 sic
464 3810 648 3876 institutum
681 3830 779 3893 esse,
805 3823 842 3877 ut
873 3831 933 3898 per
958 3809 1026 3878 boc
1046 3808 1150 3878 Filius
1202 3810 1332 3888 dicitur,
1353 3807 1540 3877 Ecclesiam
1562 3831 1639 3877 esse
1657 3807 1798 3877 similem
1819 3807 1969 3878 scholae.

170 3895 237 3964 Dei
258 3893 340 3962 velit
361 3914 440 3963 esse
461 3893 594 3976 efficax,
625 3909 660 3962 et
681 3897 747 3964 hoc
768 3898 880 3977 modo,
912 3897 1043 3964 scilicet
1064 3918 1150 3965 voee
1287 3895 1401 3983 Aliqui
1432 3908 1627 3983 comparant
1653 3892 1841 3964 Ecclesiam
1873 3892 2020 3982 politiae,
2053 3892 2185 3960 scilicet
2256 3922 2267 3954 ι

171 3978 362 4071 Evangelii,
394 3992 428 4047 et
459 4001 528 4048 non
556 3979 655 4048 aliter
687 3981 849 4070 colligere
880 3984 945 4050 sibi
978 3995 1151 4050 aeternam
1202 3982 1449 4049 considerando
1482 3985 1634 4049 diversas
1667 3985 1799 4070 species
1840 3979 1965 4060 olitiae,
1998 3990 2185 4066 quaesunt

170 4067 391 4140 Ecclesiam..
422 4066 540 4154 Neque
572 4079 682 4135 tamen
709 4072 840 4157 magice
864 4065 1077 4156 intelligenda
1099 4080 1152 4136 εει
1203 4066 1429 4147 Democratia,
1461 4068 1693 4151 Aristocratia,
1726 4080 1759 4135 et
1828 4067 2003 4136 onarchiar
2037 4066 2073 4132 Si
2104 4067 2183 4152 quis

170 4155 256 4223 baec
279 4152 448 4233 efficacia,
481 4154 523 4220 de
544 4152 700 4221 violentis
722 4157 892 4241 raptibus,
927 4157 1024 4243 quasi
1052 4157 1151 4223 nobis
1204 4175 1285 4243 ergo
1307 4153 1380 4225 vult
1400 4155 1546 4221 retinere
1566 4153 1654 4222 banc
1675 4152 1905 4234 collationem,
1939 4174 2015 4221 eum
2051 4162 2185 4239 oportet

170 4261 311 4397 titt
332 4240 802 4416 iillitai'leil‘lillliit
824 4241 1152 4396 letitie
1201 4239 1601 4395 metienti‘iti
1632 4239 2185 4414 .i⁵¹titi...⁰⁰itt‘,⁸intttt

311 4372 322 4406 9
994 4374 1005 4409 t

169 4415 268 4484 nobis
289 4413 480 4489 conversio.
1088 4476 1092 4481 .
1202 4436 1243 4481 ca
1268 4427 1304 4482 ut
1337 4411 1521 4494 Cbrismm,
1552 4425 1635 4481 tunc
1661 4434 1742 4482 vere
1772 4427 1827 4481 est
1855 4435 2018 4502 regnum,
2047 4413 2083 4479 in
2115 4431 2183 4498 quo

258 4496 382 4568 Paulus
403 4498 523 4586 inquit:
544 4500 710 4567 Fidens
730 4503 862 4569 audita:
889 4502 1023 4568 creditur
1043 4509 1152 4568 mrtem
1201 4502 1238 4568 F·
1253 4504 1320 4568 'um
1340 4498 1407 4567 Dei
1427 4513 1480 4568 est
1500 4522 1573 4568 rex.
2185 4568 2194 4587 ,

168 4610 231 4676 per
246 4589 379 4656 worm
399 4589 471 4653 Det.
509 4585 680 4654 Debemus
701 4606 784 4674 ergo
806 4583 895 4653 velle
916 4588 1042 4672 audire,
1062 4584 1153 4654 velle
1287 4587 1349 4654 Est
1365 4600 1476 4654 autem
1493 4586 1559 4655 boc
1576 4586 1679 4676 longe
1688 4585 1786 4655 aliter
1800 4582 2062 4673 intelligendum,
2084 4604 2184 4671 quam

172 4677 325 4762 accipere
356 4683 389 4738 et
409 4669 566 4756 amplecti
592 4670 756 4739 beneficia
777 4674 881 4739 verbo
904 4670 1031 4755 oblata,
1062 4674 1153 4742 sicut
1202 4677 1291 4742 siout
1311 4674 1475 4740 Pontificii
1497 4675 1665 4760 disputant
1686 4675 1728 4742 da
1748 4669 1912 4740 Ecclesia.
1955 4672 2041 4738 Nam
2064 4690 2185 4736 secun·

171 4763 317 4848 pingitur
348 4760 383 4824 in
409 4757 572 4844 parabola
605 4760 649 4825 de
680 4755 747 4824 lilio
779 4761 935 4846 prodigo,
970 4761 1024 4826 cui
1079 4772 1153 4827 ater
1202 4763 1279 4828 dum
1312 4763 1497 4827 doctrinam
1529 4760 1755 4841 Pontificiam,
1794 4755 1951 4827 Ecclesia
1990 4753 2185 4840 simpliciter

170 4848 284 4936 prodit
315 4845 467 4924 obviarn,
499 4857 533 4913 et
553 4847 648 4913 inuit
668 4846 702 4912 in
724 4842 911 4931 amplexum
931 4844 1001 4911 Elii.
1072 4845 1152 4915 ituul
1203 4848 1414 4916 constituitur
1435 4859 1592 4934 tanquam
1624 4867 1782 4934 regnum,
1816 4856 1850 4912 et
1881 4846 1933 4910 sic
1964 4844 2115 4932 quidem,
2147 4853 2186 4908 ut

172 4946 283 5002 autem
305 4941 339 4997 et
360 4928 450 4998 iilius
471 4934 605 5017 accedit
620 4931 664 4998 ad
679 4943 817 5018 patrem,
841 4943 966 4998 etcum
982 4929 1152 5018 amplecti·
1202 4955 1291 5020 papa
1323 4935 1367 5000 sit
1399 4933 1482 5015 Rex,
1517 4948 1551 5001 et
1575 4933 1756 5040 'Episcopi
1776 4933 1844 4999 siut
1885 4932 1957 4996 eius
1990 4930 2183 5018 Principssz

173 5035 239 5099 tur,
273 5019 338 5093 etsi
367 5017 434 5100 boc
459 5015 540 5087 lacit
571 5019 715 5085 timidius
744 5031 880 5105 propter
913 5019 1152 5088 conscientiam
1203 5021 1328 5088 caeteri
1359 5040 1460 5107 reges
1492 5020 1620 5105 politici
1652 5021 1720 5087 sint
1741 5039 1855 5085 eorum
1877 5014 2061 5096 satellites,
2093 5026 2127 5082 et
2148 5025 2185 5082 ut

173 5104 368 5181 delictorum
386 5123 553 5174 ‚suerunt
585 5106 635 5172 lta
666 5105 814 5182 sciamus
842 5104 953 5183 Deum
980 5099 1153 5175 efficacem
1201 5108 1269 5175 sint
1290 5105 1436 5194 copulati
1456 5127 1525 5173 non
1547 5108 1699 5174 doctrina
1715 5100 1900 5193 Evangelii,
1923 5105 1985 5173 sed
2002 5105 2073 5170 suis
2099 5099 2169 5189 logi
