4620 5588
12 4276 15 4283 ’
72 4308 78 4315 -
160 4271 523 4341 commonefaciendus
544 4275 692 4338 iuniores
713 4270 836 4359 aliquid
860 4272 1018 4338 dicemus.

157 235 244 308 uno
815 227 1555 303 emumsoarrrnutrosncs.
1644 250 1652 259 ·
1717 327 1721 338 Ι
2115 232 2194 303 -ιι

176 427 281 494 ιεεείε
303 420 364 492 snit
387 445 429 490 ex
451 425 609 489 comitatu
626 419 781 487 Herodis.
824 418 1074 484 Βιειεειιεὸιε
1091 419 1161 482 ricla
1297 417 1510 506 Respondes.
1559 416 1659 489 lllud.
1674 419 1797 489 rodum
1830 434 1963 491 taxatur
1995 423 2194 506 abbris'ta,

161 532 220 576 -aa
241 510 408 578 Herodem
426 509 575 593 pcbcnpt:
592 505 777 574 maluerunt
793 508 860 586 isti,
871 509 927 593 qui
945 517 1018 573 erat
1028 504 1157 573 Ten-ar·
1237 507 1303 573 uod
1323 505 1477 573 homines
1500 528 1568 575 non
1585 506 1702 575 volunt
1724 509 1895 595 respicere
1910 513 1956 577 ad
1977 513 2088 598 signs,
2107 533 2196 598 quaa

177 597 243 666 obe
265 600 299 664 in
320 599 387 662 isto
409 598 547 682 populo,
569 597 799 680 obtemperare
820 595 945 679 potius,
967 614 1065 678 quam
1083 592 1161 659 Eth·
1245 614 1305 660 eus
1328 614 1391 659 suo
1414 589 1556 659 consilio
1578 605 1612 659 et
1632 595 1797 679 sapientia
1807 593 1975 665 laeitrsed
1992 595 2110 665 volout
2128 601 2194 667 stit

176 688 255 751 nico
271 685 479 771 magistratui
500 681 666 748 Romano:
699 701 741 746 ac
772 681 1028 746 nominabantur
1059 676 1161 764 aliqui
1200 680 1494 766 ¹errhiberisigoa,
1515 681 1705 767 quaeipsis
1727 681 1870 769 placent.
1915 682 1992 747 Mau
2012 684 2065 749 rol
2089 705 2122 748 er
2148 689 2193 749 ai-

176 769 369 848 llerodiani,
388 770 677 855 quidisputabant,
719 770 784 832 uod
807 787 873 833 non
895 764 1013 832 liceret
1035 767 1160 832 obtem·
1211 787 1279 828 nem
1299 765 1406 827 tedere
1435 764 1578 840 machera,
1607 770 1665 827 wie
1686 788 1736 831 err
1757 768 1857 831 indm
1873 769 1956 844 will,
1981 772 2049 835 arrd
2074 776 2133 835 eie
2159 794 2193 835 er

162 876 299 944 perere
321 855 491 932 Romanis,
513 851 666 921 videlieet
687 790 830 919 Etbnieo
851 853 1079 938 magistratui,
1102 853 1161 917 do·
1211 852 1275 915 ibn
1294 853 1388 934 raum
1409 850 1488 916 tltut.
1533 850 1625 919 Talis
1647 869 1700 920 est
1720 856 1855 922 aversio
1876 878 1898 922 a
1919 857 2012 938 lleo,
2034 869 2071 925 ot
2089 856 2193 926 borni·

160 944 313 1010 minanti
334 943 368 1007 in
391 938 602 1028 populoDei.
647 939 858 1006 Contrarium
880 949 991 1004 tanum
1008 958 1064 1002 res
1087 938 1162 1022 ipsa
1212 961 1274 1005 nes
1296 949 1454 1024 expetant
1474 941 1585 1026 signa,
1607 960 1695 1026 quae
1716 943 1798 1029 ipsis
1820 954 1899 1009 sont
1920 947 2059 1012 suavia:
2088 946 2132 1012 ite
2155 966 2195 1012 ae
2231 984 2238 995 ,

178 1027 360 1095 clamabat:
383 1049 458 1093 narn
481 1042 513 1092 ct
535 1025 633 1104 illos,
660 1027 715 1111 qui
738 1028 802 1093 sub
824 1023 958 1089 llerode
986 1025 1161 1104 sedebant,
1211 1039 1339 1104 emant,
1361 1039 1394 1091 et
1416 1043 1497 1090 suos
1518 1028 1714 1108 suavitates,
1734 1050 1803 1095 nou
1820 1043 1932 1097 amant
1951 1029 2073 1099 Deum

176 1128 214 1182 ut
235 1115 342 1181 Maria
364 1130 398 1180 et
420 1114 553 1200 loseph,
577 1115 754 1199 oportebat
785 1114 835 1177 ire
862 1113 896 1175 iu
917 1111 1072 1176 iudaeam
1084 1155 1096 1189 ‚
1128 1122 1162 1175 ct
1210 1128 1214 1135 ·
1299 1110 1425 1177 Verum
1449 1113 1624 1199 consigna
1645 1128 1724 1182 sunt
1746 1119 1942 1201 spectanda,
1974 1139 2039 1184 uae
2058 1120 2194 1206 quidem

177 1204 410 1286 obtemperare
422 1199 591 1282 Romanis,
613 1211 649 1265 ut
669 1196 794 1265 factum
815 1209 867 1262 est
890 1197 1002 1263 edicto
1015 1197 1161 1282 Augusti
1212 1209 1247 1264 et
1268 1195 1465 1267 exhibentur
1485 1198 1573 1278 ideo,
1595 1210 1631 1266 ut
1653 1214 1863 1286 spectentur:
1886 1140 2097 1272 at’Ebrtstns
2119 1207 2195 1279 inse

161 1289 349 1374 proposito
372 1289 414 1353 de
437 1308 551 1352 censu.
688 1307 691 1312 ·
1211 1280 1336 1370 allegat
1357 1283 1469 1370 signa:
1493 1285 1590 1350 Caeci
1600 1286 1805 1361 videabmutt
1824 1289 2002 1373 loquaciter,
2024 1305 2092 1358 etc.¹
2123 1285 2193 1358 lino

164 1421 170 1429 -
263 1374 365 1439 Scitis
388 1374 589 1439 doctrinam=
612 1369 703 1437 aliud
724 1383 776 1437 est
797 1366 964 1448 Ecclesia,
986 1364 1076 1435 uliud
1097 1366 1160 1435 Po·
1211 1380 1281 1436 tota
1303 1390 1414 1435 rerum
1437 1380 1555 1436 natura
1578 1385 1629 1438 est
1648 1373 1844 1442 miraculum
1861 1380 2066 1463 propositum
2078 1379 2193 1465 generi

175 1457 256 1526 litia.
302 1458 457 1526 Ecclesia
474 1479 540 1523 non
564 1473 616 1522 est
637 1455 773 1544 alligata
800 1456 844 1522 ad
876 1477 975 1523 unam
1003 1451 1159 1540 politiam.
1209 1455 1369 1535 humano,
1391 1467 1429 1521 ut
1450 1458 1494 1521 sit
1517 1460 1740 1527 testimonium
1762 1464 1804 1528 de
1825 1461 1915 1530 Deo:
1944 1475 2065 1550 postea
2091 1467 2193 1531 etiam

175 1544 332 1613 Ecclesia
346 1557 397 1613 est
419 1562 536 1612 coetus
559 1547 733 1629 dispersus
755 1544 790 1607 in
810 1543 959 1621 mundo,
990 1543 1037 1603 rio
1067 1539 1160 1622 pelet
1210 1554 1287 1608 sunt
1316 1543 1415 1646 sigua
1447 1540 1642 1629 singularia.
1696 1547 1765 1614 Sed
1794 1547 1948 1615 Cininus
1980 1570 2019 1615 re
2042 1550 2195 1617 rehendit

174 1632 275 1694 cimela
291 1633 345 1694 die
366 1632 449 1711 wclt,
472 1644 641 1719 tamquam
663 1627 792 1696 schola.
838 1627 902 1690 Dic
922 1625 1065 1693 Politice
1085 1627 1160 1689 siud
1211 1649 1282 1708 cos,
1326 1650 1360 1695 ur
1382 1648 1450 1694 non
1473 1630 1612 1697 credunt
1634 1634 1753 1720 signis,
1776 1656 1862 1721 quae
1883 1649 1962 1702 sunt
1979 1573 2124 1704 eaEibita
2147 1640 2192 1703 iu·

175 1717 256 1780 aucit
277 1718 440 1800 rurplciclr,
470 1738 556 1803 quae
583 1728 661 1783 sunt
689 1714 833 1801 hospitia
854 1712 1042 1781 Ecclesiae.
1087 1714 1158 1780 Sub
1211 1716 1298 1782 dicio
1355 1714 1397 1793 ei,
1419 1715 1483 1781 sed
1504 1729 1622 1801 petunt
1643 1721 1759 1806 signa,
1787 1742 1874 1807 quae
1902 1724 1986 1808 ipsis
2013 1735 2094 1790 sunt
2114 1745 2192 1791 soa·

174 1802 286 1871 'lurco
307 1819 359 1872 est
381 1802 483 1870 multo
506 1806 633 1869 tristior
655 1803 817 1880 servitus,
841 1815 875 1866 et
903 1801 1018 1866 durius
1040 1800 1159 1886 premi·
1208 1802 1276 1868 via:
1299 1801 1343 1862 du
1360 1802 1418 1861 wir
1438 1821 1550 1864 mtrem
1573 1804 1708 1867 arctat
1727 1829 1768 1870 on
1790 1808 1921 1882 melreo,
1949 1811 2006 1876 ubi
2027 1829 2097 1877 non
2141 1808 2193 1874 lu·

176 1902 230 1956 tur
251 1889 418 1971 Ecclesia,
440 1911 539 1976 quarn
560 1889 653 1970 alibi,
669 1891 725 1956 ubi
747 1899 801 1953 εει
822 1888 998 1953 mediocris
1019 1884 1158 1952 libertos
1209 1888 1292 1953 riam
1313 1885 1379 1951 Dei
1401 1889 1600 1973 quaerimus,
1619 1893 1679 1956 sed
1702 1906 1820 1960 nostra
1840 1897 2026 1962 commoda.
2071 1895 2112 1960 V'
2137 1917 2194 1962 eu·

174 1975 411 2063 professionis,
434 1991 467 2043 et
489 1974 686 2042 clementior
717 1996 778 2040 seu
806 1974 916 2040 mitior
972 1973 1157 2039 uberuutio.
1209 1986 1262 2040 tes
1284 1975 1574 2041 resuscitationem
1595 1975 1730 2058 Lazari,
1752 1981 1875 2047 debent
1892 1983 2045 2062 credere,
2062 1982 2195 2050 aiensi

175 2062 247 2126 Dor
268 2064 383 2126 meruit
405 2065 463 2147 dep
484 2065 553 2126 dem
574 2070 653 2128 wort
675 2058 848 2146 βασιλικίςε
874 1995 971 2126 alqu
995 2078 1074 2125 esse
1094 2056 1159 2124 Ec·
1209 2061 1357 2146 ipsorum
1388 2057 1447 2125 lilii
1481 2081 1549 2127 non
1587 2068 1839 2133 resuscitentur.
1905 2068 2015 2135 Vidua
2047 2070 2194 2135 debebat

175 2148 326 2229 clesiam,
349 2149 439 2215 aliud
462 2151 614 2236 imperia:
638 2162 669 2214 et
691 2145 879 2220 Ecclesiam
902 2166 981 2211 esse
1002 2152 1158 2230 sptsam
1210 2148 1345 2213 Eluisto
1368 2148 1505 2211 eredere
1525 2165 1663 2234 propter
1690 2150 1757 2217 ulia
1778 2155 1897 2239 signa,
1926 2157 2055 2221 ειίεειεί
2086 2156 2193 2241 ipsias

174 2257 235 2320 per
256 2238 390 2302 diversa
412 2235 570 2321 lmperia3
589 2249 623 2300 et
644 2231 721 2300 alibi
743 2254 822 2299 esse
843 2233 1023 2298 tristiorem
1046 2243 1078 2297 et
1098 2232 1157 2298 du·
1208 2230 1297 2297 filius
1319 2253 1387 2298 non
1409 2247 1499 2298 esset
1523 2238 1753 2304 resuscitatus.
1804 2240 1880 2304 Nou
1913 2242 2052 2307 credere
2083 2241 2193 2329 signis

172 2324 296 2388 riorem
318 2324 523 2402 servitutem,
545 2318 624 2386 alibi
647 2322 818 2386 mitiorem.
1208 2317 1364 2385 exhibitis
1382 2320 1546 2403 sapientia
1570 2332 1604 2386 et
1626 2323 1767 2390 consilio
1788 2324 1872 2407 Dei,
1906 2348 1974 2394 non
2007 2339 2058 2392 est
2090 2349 2192 2414 quse·

261 2407 413 2474 Servitus
447 2410 552 2491 briupt
585 2408 714 2488 allowep
746 2405 968 2471 derebwcruisr
999 2406 1055 2466 nuit
1076 2401 1155 2465 siclt.
1208 2426 1284 2472 rere
1305 2403 1446 2492 gloriam
1467 2405 1554 2486 Dei,
1582 2409 1643 2474 sed
1666 2422 1719 2477 cst
1741 2432 1904 2498 quaerere
1925 2416 2092 2500 propriam
2115 2435 2190 2480 sua·

174 2493 269 2560 Sicut
291 2492 386 2561 Plato
411 2496 507 2561 dicit:
539 2495 677 2577 Utroque
708 2496 841 2574 optino:
873 2491 1037 2554 nrodmta
1064 2492 1157 2551 sem'·
1210 2495 1354 2572 vitatem,
1379 2489 1432 2558 rel
1454 2495 1622 2579 propriam
1645 2496 1923 2585 imaginationem.

174 2589 234 2654 tur,
258 2581 474 2644 atmoderate
496 2582 643 2652 lidertnr3
671 2587 855 2660 electroque
879 2581 1030 2658 persiano:
1053 2579 1158 2638 immo·
1294 2576 1400 2644 'l'anta
1422 2591 1476 2645 est
1496 2582 1715 2664 perversitate,
1733 2587 1867 2670 quando
1890 2605 1957 2652 non
1978 2587 2191 2667 exhibentur,

177 2667 293 2728 dormo
315 2671 456 2738 seruitum,
480 2677 510 2731 et
531 2669 734 2730 irrrrnoderotu
756 2665 897 2726 liberter.
941 2661 1082 2728 Multum
1100 2664 1158 2728 ab·
1208 2683 1294 2752 quae
1317 2685 1380 2729 nos·
1404 2677 1580 2750 optamus,
1612 2667 1782 2736 iremimus
1804 2672 1972 2740 adversus
1994 2672 2125 2752 Deum,
2157 2684 2193 2740 et

172 2767 310 2820 utuntur·
327 2752 478 2821 homines
501 2753 655 2821 liberate:
688 2763 806 2839 postea
831 2752 979 2835 sequitur
1000 2751 1157 2822 servitus,
1207 2773 1276 2819 non
1298 2770 1470 2818 irroremur
1495 2749 1553 2818 illa
1586 2754 1734 2822 bonitate
1753 2756 1841 2839 Dei,
1873 2761 1963 2845 quod
1995 2757 2119 2846 alioqui
2152 2778 2194 2826 se

172 2841 206 2905 id
238 2853 312 2919 est,
347 2838 476 2906 suenum
510 2855 544 2907 et
567 2862 694 2907 career.
739 2837 923 2922 Captivitas
946 2833 1157 2922 Babylonica
1208 2837 1381 2926 patefecit,
1410 2857 1518 2925 neque
1545 2836 1685 2907 aliorum
1715 2840 1865 2930 exempla
1892 2858 1926 2911 ct
1946 2866 2074 2931 poenas
2097 2868 2193 2913 cura·

174 2939 247 2992 erat
268 2947 392 3013 inagna
413 2928 560 2994 servitus
571 2974 583 3005 ,
616 2949 682 3012 qua
704 2937 777 2990 erat
798 2944 962 3009 oppressa
983 2920 1157 2988 Ecclesiae
1208 2946 1295 3004 mus,
1318 2926 1465 3011 perinde,
1487 2938 1524 2991 ut
1546 2947 1650 3011 saepe
1671 2927 1794 3016 uliquis
1827 2933 1861 2998 in
1888 2929 1946 2997 illo
1975 2935 2049 3019 ipso
2079 2946 2192 3013 coeto,

172 3014 235 3078 sed
258 3025 367 3077 tamen
391 3014 423 3077 in
448 3011 505 3080 illa
527 3015 690 3078 servitute
713 3008 773 3076 fuit
794 3014 899 3075 maior
910 3008 1019 3095 gloria
1030 3005 1157 3094 populi,
1208 3013 1264 3098 qui
1286 3012 1462 3077 comitatur
1484 3008 1590 3078 furem
1616 3017 1916 3100 suspendendum,
1929 3020 2103 3099 committit
2123 3018 2192 3087 snr-

199 3120 274 3164 uam
296 3095 380 3162 alias
403 3096 534 3179 suisset,
558 3101 587 3164 si
605 3120 672 3165 non
694 3096 774 3162 iacti
797 3109 913 3161 essent
935 3091 1064 3163 exules.
1108 3094 1156 3160 lbi
1208 3111 1287 3177 turn,
1310 3118 1385 3162 curn
1406 3098 1518 3164 videat
1539 3096 1629 3164 illum
1652 3117 1789 3187 propter
1810 3101 1933 3170 furtum
1950 3106 2191 3190 suspendite·
2234 3184 2237 3189 ,

172 3117 269 3250 licus
299 3187 444 3250 ostendit
466 3183 652 3252 Ecclesiam
680 3202 783 3270 posse
817 3202 897 3247 esse
927 3183 970 3257 in¹
984 3182 1155 3246 seruitute.
1195 3204 1283 3259 ¹men
1304 3187 1379 3271 ipse
1400 3204 1467 3249 nou
1491 3199 1656 3266 ruovetur,
1680 3188 1789 3255 donec
1812 3192 1916 3275 ipsius
1934 3189 2060 3257 collum
2076 3193 2191 3259 indua·

173 3267 352 3338 consessio
364 3269 529 3352 Danielis,
544 3290 576 3336 et
598 3269 756 3354 exempla.
774 3266 1004 3333 liberationum
1023 3264 1157 3333 suerunt
1208 3286 1263 3338 tur
1289 3268 1422 3356 laqueo.
1467 3269 1564 3338 blulti
1591 3292 1680 3340 nunc
1707 3277 1752 3341 ita
1780 3279 1937 3363 cogitant.
1988 3277 2096 3352 Quium
2117 3274 2192 3362 pul·
2253 3304 2256 3313 ·

173 3355 419 3444 gloriosissima
453 3376 647 3424 onmmcnta
669 3353 855 3422 Ecclesiae.
908 3354 1049 3427 Quando
1074 3352 1155 3418 Pila·
1208 3357 1323 3425 ebrum
1346 3369 1460 3434 esset,
1494 3359 1525 3423 si
1545 3355 1641 3425 Deus
1673 3362 1721 3427 ita
1754 3360 1959 3448 glorificaret
1987 3363 2189 3434 Ecclesiam.

173 3456 229 3509 tus
251 3444 393 3528 praefuit
415 3443 576 3523 ludaeae,
603 3443 662 3510 fuit
683 3439 853 3509 horribilis
871 3442 1029 3514 servitus,
1053 3456 1086 3505 et
1109 3453 1156 3505 ta·
1208 3458 1243 3510 ut
1265 3445 1362 3508 daret
1378 3446 1475 3508 nobis
1504 3446 1592 3512 bona
1623 3449 1730 3512 omnis
1765 3451 1919 3535 generis,
1950 3463 1984 3516 ct
2016 3447 2192 3534 pulchrum

172 3544 346 3597 mentone
369 3530 430 3596 suit
452 3552 579 3597 summa
602 3528 720 3616 gloria.
755 3529 802 3593 lbi
819 3528 881 3594 luit
892 3526 1046 3593 Christus
1063 3547 1156 3613 prae
1207 3533 1355 3617 regimen
1378 3540 1411 3595 ει
1432 3548 1583 3617 regnum,
1600 3552 1803 3601 eonsensum
1837 3536 2048 3618 docentium,
2080 3539 2191 3602 bonos

172 3616 302 3696 dicaris,
324 3637 388 3682 sua
411 3638 518 3697 voce,
547 3619 717 3684 suscitans
734 3632 898 3681 mortuos.
943 3613 1018 3680 Fuit
1038 3614 1083 3680 ibi
1105 3612 1157 3677 lo·
1207 3631 1241 3682 et
1261 3619 1467 3697 eruderator,
1488 3630 1521 3683 et
1543 3619 1713 3702 sapientes
1735 3622 1924 3706 principes,
1958 3625 2013 3708 qui
2040 3642 2105 3689 sua
2126 3622 2192 3689 uir·

160 3701 302 3785 ‚hanna
325 3702 488 3789 Baptista,
511 3704 579 3766 und
598 3705 652 3766 dic
673 3704 793 3767 uadem
809 3699 1104 3783 praesentatam.
1207 3714 1277 3770 tute
1299 3714 1459 3769 ornarent
1479 3700 1678 3784 Ecclesiam,
1701 3727 1769 3773 non
1791 3709 2045 3788 dedecorarent,
2062 3711 2119 3794 qui
2141 3707 2192 3777 io·

1206 3800 1324 3857 verent
1346 3785 1438 3855 illum
1461 3803 1593 3856 coetum
1605 3835 1616 3870 ,
1651 3806 1688 3858 ut
1709 3791 1910 3861 haberemus
1932 3795 2113 3880 potentiam
2131 3816 2191 3880 ‚pa-

410 3863 544 3951 LOOI
574 3861 917 3951 DOCTRINAE.
1206 3897 1276 3943 ren
1298 3867 1507 3960 inperatori,
1528 3872 1582 3940 vu
1604 3880 1783 3962 potentiam
1809 3883 2042 3965 opponendum
2058 3879 2190 3949 rurae.

129 4027 132 4031 ·
262 4010 372 4079 Prima
394 4015 530 4079 materia
553 4024 603 4078 est
626 4013 660 4078 in
682 4011 749 4078 hac
770 4013 961 4079 narratione
983 4009 1024 4072 tle
1043 4012 1155 4093 timis.
1207 3959 1946 4136 ffffilssuggguffimeffingzffgsmjeligi:
1967 3963 2192 4115 22:2¹2&OEAE

161 4119 217 4205 'an
242 4099 308 4163 sint
329 4102 486 4204 ,peteuda
519 4101 627 4189 signa.
671 4098 717 4160 Er
739 4102 782 4162 ιιι
809 4102 860 4160 eia
881 4098 961 4160 iola
989 4098 1156 4183 quaestio,
1208 4135 1294 4198 ako..
1315 4132 1556 4221 Unusquisque
1577 4136 1743 4203 intueatur
1760 4159 1862 4210 suum·
1880 4160 1956 4206 0οΗ
1974 4151 2009 4205 ω
2030 4141 2075 4207 im
2096 4141 2190 4227 cogi·

159 4184 227 4259 ,cui
251 4184 469 4272 explicandae
490 4206 588 4252 nemo
611 4196 760 4252 nostrum
782 4207 845 4272 par
873 4197 942 4250 est:
973 4195 1082 4252 tamen
1111 4186 1155 4252 ad
1208 4236 1272 4302 m,
1293 4240 1370 4307 ῳ,
1393 4221 1521 4287 vicum
1543 4233 1671 4301 noster,
1693 4223 1768 4285 md,
1778 4224 1848 4289 aba
1865 4227 1952 4304 [⁰⁷¹³
1980 4225 2058 4311 (μὴ
2083 4223 2190 4293 homi·

1206 4328 1269 4375 ncs
1291 4321 1455 4394 quaeruut
1473 4308 1723 4376 conruroditates
1745 4311 1810 4378 sibi
1831 4331 1973 4378 suaves:
1996 4308 2122 4379 vellent
2142 4324 2191 4379 ta·

1206 4392 1273 4460 lem
1295 4412 1373 4459 esse
1394 4404 1516 4458 statum
1538 4391 1713 4461 Ecclesiae
1738 4396 1821 4481 ipsis
1848 4416 1997 4464 suavem.
2038 4398 2088 4461 Er
2105 4397 2191 4462 le'rt

1207 4481 1298 4544 oder:
1319 4476 1475 4548 Ecclesia
1496 4490 1549 4544 est
1569 4483 1747 4548 sieutrosa
1758 4483 1988 4568 intercepisset
2005 4504 2098 4549 wer
2119 4491 2190 4548 teat

1205 4566 1280 4635 lect.-
1301 4561 1422 4632 Lilium
1442 4565 1529 4670 inter
1551 4568 1679 4653 spinas,
1701 4568 1775 4631 oder
1796 4592 1831 4659 er
1850 4575 1945 4633 mant
1967 4587 2089 4639 rosam.

423 4689 908 4781 nummorum.
1280 4651 2028 4817 &intremuistis
2048 4659 2188 4822 itm

260 4823 318 4891 Sic
339 4836 573 4910 argumentor:
1206 4839 1287 4895 tunc
1307 4843 1423 4891 omnes
1445 4822 1599 4891 homines
1621 4827 1745 4894 debent
1766 4826 2019 4914 amplectione
2038 4828 2188 4897 habunt

166 4978 180 4999 Ι,
265 4958 268 4963 ·
301 4910 411 4975 Novae
421 4911 659 4975 doctrinoenon
670 4910 1154 4994 massmttmdaustnaertpute:
1205 4932 1295 4980 nova
1316 4912 1425 4999 signa,
1437 4911 1510 4978 sive
1530 4931 1599 4976 non
1609 4910 1773 4982 habeant:
1794 4915 1840 4980 So
1859 4924 1937 4998 rapt
1947 4914 2187 4981 Gottitrflur:
2252 4982 2257 4987 ,

304 4996 449 5063 cleison
469 4998 688 5078 affectuosum
709 4998 904 5063 ἅεεινίιιαιιιι
1203 4998 1243 5063 a·
1263 5001 1382 5063 morte
1403 4997 1531 5082 stiparit,
1552 5004 1587 5074 σι
1609 5001 1704 5081 cigno
1719 5001 1857 5078 feeerit,
1889 5010 1922 5066 ct
1952 5002 2048 5066 decet
2079 5009 2113 5067 ιε
2140 4999 2187 5064 ud

302 5082 392 5166 Erpo
412 5105 474 5147 nott
492 5090 539 5147 ert
560 5087 591 5146 ei
604 5084 831 5149 nuntiandam
852 5085 921 5149 rinc
940 5086 1051 5168 riguit.
1073 5084 1153 5149 lite·
1196 5083 1431 5171 anrDuoe,
1460 5102 1526 5147 non
1552 5083 1795 5168 Mediae
1821 5088 1900 5177 qnia
1924 5100 2090 5177 ‚possm
2104 5097 2186 5159 ὼε

322 5240 326 5251 ,
348 5178 422 5245 ‚mi
441 5173 541 5254 ieta
561 5170 606 5237 ab
621 5190 663 5245 u.
677 5171 819 5255 Μ
832 5173 950 5265 iim-
976 5218 980 5231 ι
1000 5196 1052 5247 ..t-¹.
1196 5166 1481 5268 metitum
1491 5171 1616 5259 ἐμὲ
1645 5170 1893 5244 mum·
1909 5172 2185 5263 -uthbibputi-

413 5342 430 5356 κ
498 5316 520 5365 δ

166 4368 171 4385 ’
260 4356 298 4425 ll.
343 4356 462 4423 Dulcis
486 4356 673 4425 consolatio
695 4361 737 4424 de
759 4357 889 4424 infirma
911 4357 987 4423 lide.

164 4443 549 4598 'r'umlelfflioetcuommnnis
571 4446 722 4511 doctriua
745 4446 787 4511 de
812 4441 1003 4528 miraculis,
1036 4456 1070 4510 ει
1094 4443 1154 4513 ho·
